<!DOCTYPE html>
<html xmlns="http://www.w3.org/1999/xhtml" lang="" xml:lang="">
<head>
  <meta charset="utf-8" />
  <meta name="generator" content="pandoc" />
  <meta name="viewport" content="width=device-width, initial-scale=1.0, user-scalable=yes" />
  <title>albert</title>
  <style>
    html {
      color: #1a1a1a;
      background-color: #fdfdfd;
    }
    body {
      margin: 0 auto;
      max-width: 36em;
      padding-left: 50px;
      padding-right: 50px;
      padding-top: 50px;
      padding-bottom: 50px;
      hyphens: auto;
      overflow-wrap: break-word;
      text-rendering: optimizeLegibility;
      font-kerning: normal;
    }
    @media (max-width: 600px) {
      body {
        font-size: 0.9em;
        padding: 12px;
      }
      h1 {
        font-size: 1.8em;
      }
    }
    @media print {
      html {
        background-color: white;
      }
      body {
        background-color: transparent;
        color: black;
        font-size: 12pt;
      }
      p, h2, h3 {
        orphans: 3;
        widows: 3;
      }
      h2, h3, h4 {
        page-break-after: avoid;
      }
    }
    p {
      margin: 1em 0;
    }
    a {
      color: #1a1a1a;
    }
    a:visited {
      color: #1a1a1a;
    }
    img {
      max-width: 100%;
    }
    svg {
      height: auto;
      max-width: 100%;
    }
    h1, h2, h3, h4, h5, h6 {
      margin-top: 1.4em;
    }
    h5, h6 {
      font-size: 1em;
      font-style: italic;
    }
    h6 {
      font-weight: normal;
    }
    ol, ul {
      padding-left: 1.7em;
      margin-top: 1em;
    }
    li > ol, li > ul {
      margin-top: 0;
    }
    blockquote {
      margin: 1em 0 1em 1.7em;
      padding-left: 1em;
      border-left: 2px solid #e6e6e6;
      color: #606060;
    }
    code {
      font-family: Menlo, Monaco, Consolas, 'Lucida Console', monospace;
      font-size: 85%;
      margin: 0;
      hyphens: manual;
    }
    pre {
      margin: 1em 0;
      overflow: auto;
    }
    pre code {
      padding: 0;
      overflow: visible;
      overflow-wrap: normal;
    }
    .sourceCode {
     background-color: transparent;
     overflow: visible;
    }
    hr {
      border: none;
      border-top: 1px solid #1a1a1a;
      height: 1px;
      margin: 1em 0;
    }
    table {
      margin: 1em 0;
      border-collapse: collapse;
      width: 100%;
      overflow-x: auto;
      display: block;
      font-variant-numeric: lining-nums tabular-nums;
    }
    table caption {
      margin-bottom: 0.75em;
    }
    tbody {
      margin-top: 0.5em;
      border-top: 1px solid #1a1a1a;
      border-bottom: 1px solid #1a1a1a;
    }
    th {
      border-top: 1px solid #1a1a1a;
      padding: 0.25em 0.5em 0.25em 0.5em;
    }
    td {
      padding: 0.125em 0.5em 0.25em 0.5em;
    }
    header {
      margin-bottom: 4em;
      text-align: center;
    }
    #TOC li {
      list-style: none;
    }
    #TOC ul {
      padding-left: 1.3em;
    }
    #TOC > ul {
      padding-left: 0;
    }
    #TOC a:not(:hover) {
      text-decoration: none;
    }
    code{white-space: pre-wrap;}
    span.smallcaps{font-variant: small-caps;}
    div.columns{display: flex; gap: min(4vw, 1.5em);}
    div.column{flex: auto; overflow-x: auto;}
    div.hanging-indent{margin-left: 1.5em; text-indent: -1.5em;}
    /* The extra [class] is a hack that increases specificity enough to
       override a similar rule in reveal.js */
    ul.task-list[class]{list-style: none;}
    ul.task-list li input[type="checkbox"] {
      font-size: inherit;
      width: 0.8em;
      margin: 0 0.8em 0.2em -1.6em;
      vertical-align: middle;
    }
    .display.math{display: block; text-align: center; margin: 0.5rem auto;}
  </style>
</head>
<body>
<header id="title-block-header">
<h1 class="title">albert</h1>
</header>
<p>11,90</p>
<ul>
<li></li>
</ul>
<p>16%</p>
<p>990</p>
<p>Hamburgerová bulka</p>
<p>•70 g • 100 g = 14,15Kč</p>
<p>Hamburgerova bulka &amp; ® /0ge 100g = 14,15 Kc</p>
<p>6990</p>
<p>129,90</p>
<ul>
<li></li>
</ul>
<p>23%</p>
<p>9990</p>
<p>97</p>
<p>MASA</p>
<p>Albert e 300 q © 100 q = 15,30 KC Rajčata soudková keříková · 300 g
· 100 g =13,30Kč</p>
<p>Excellent Burger Wagyu</p>
<p>• masný polotovar • 160 g • 1 kg = 624,38Kč</p>
<p>79,90</p>
<ul>
<li></li>
</ul>
<p>50%</p>
<p>3990</p>
<p>Albert</p>
<p>Miniberner</p>
<p>79,90</p>
<p>-25% se slaninou a sýrem · 250 g · 100 g = 23,96Kč</p>
<p>5990</p>
<p>Albert Dřevěné brikety</p>
<p>•</p>
<p>2,5kg • 1 kg = 31,96Kč bez Aplikace /</p>
<p>BEZ</p>
<p>27,96Kč Aplikace</p>
<p>PLATÍ OD ÚTERÝ 22.4. DO NEDĚLE 4.5.2025</p>
<h2
id="akční-katalogakční-katalog-to-nejlepší-na-grilto-nejlepší-na-gril-akční-katalogakční-katalog-to-nejlepší-na-grilto-nejlepší-na-gril">AKČNÍ
KATALOGAKČNÍ KATALOG TO NEJLEPŠÍ NA GRILTO NEJLEPŠÍ NA GRIL AKČNÍ
KATALOGAKČNÍ KATALOG TO NEJLEPŠÍ NA GRILTO NEJLEPŠÍ NA GRIL</h2>
<p>T O</p>
<p>Albert</p>
<p>R I L</p>
<p>Camembert na gril</p>
<p>N E J L E P Š Í N A G</p>
<p>• 4× 100 g • 100 g = 24,98Kč</p>
<p>124,90</p>
<ul>
<li></li>
</ul>
<p>9990</p>
<p>Svijanský Máz</p>
<p>• světlý ležák •0,5 l</p>
<p>· 1 l = 19,80Kč · záloha na láhev 3 Kč · 11,90 Kč</p>
<p>NEPORAZITELNÉ produkty, jejichž cena byla nejnižší ve srovnání s
cenou uvedenou v letácích vybraných obchodních řetězců ke dni tisku
letáku 14. 4. 2025. Nelze garantovat,</p>
<p>že cena produktů označených v letáku NEPORAZITELNÉ zůstane nejnižší
po celou dobu platnosti letáku. Více informací na straně 2. •▼ Nejnižší
cena za posledních 30 dní u nás.</p>
<p>17K_Gril_SM_2025_verze_.indb 1</p>
<p>14.04.2025 17:35:04</p>
<p>NEPORAZITELNÉ produkty, jejichž cena byla nejnižší ve srovnání s
cenou uvedenou v letácích vybraných obchodních řetězců ke dni tisku
letáku 14. 4. 2025. Nelze garantovat,</p>
<p>že cena produktů označených v letáku NEPORAZITELNÉ zůstane nejnižší
po celou dobu platnosti letáku. Více informací na straně 2.</p>
<p>•▼ Nejnižší cena za posledních 30 dní u nás.</p>
<p>**</p>
<p>Tato nabídka platí od xxx do xxx 2025.</p>
<hr />
<p>Tato nabídka neplatí pro prodejny xxxxxxxxxxxxx.</p>
<p>19,90</p>
<p>990</p>
<p>Na obrázku vidím reklamu na ryby a mořské plody z hypermarketu.
Zaměřím se na zlevněné produkty a vysvětlím text:</p>
<ul>
<li><strong>Mořský vlk - kuchaný:</strong> Původní cena 33,90 Kč, sleva
20 %, nová cena 26,90 Kč. Produkt je chlazený a cena je uvedena za
100g.</li>
<li><strong>Makrela - filet s kůží:</strong> Původní cena 34,90 Kč,
sleva 17 %, nová cena 28,90 Kč. Produkt je chlazený a cena je uvedena za
100g.</li>
<li><strong>Losos filet barbeque:</strong> Super cena 139,90 Kč za 250g,
což odpovídá 55,96 Kč za 100g.</li>
<li><strong>Krevety celé:</strong> Cena 119,90 Kč za 300g, což je 39,97
Kč za 100g.</li>
<li><strong>Krevety s chilli:</strong> Super cena 109,90 Kč za 120g, což
odpovídá 91,58 Kč za 100g.</li>
<li><strong>Pražma v deskové bylinkové marinádě:</strong> Cena je
uvedena za 100g.</li>
<li><strong>Dorada:</strong> Cena 31,90 Kč.</li>
</ul>
<p>Text “SETRNĚ k přírodě” se nachází na štítcích produktů a
signalizuje, že se jedná o produkty s ohledem na udržitelnost.</p>
<p>standardy faremního chovu mořských ryb. Nákupem takto označených ryb
podporujete dlouhodobě udržitelnou produkci a  pomůžete nám chránit
stav</p>
<p>zásob ryb pro budoucnost.</p>
<p>pomůžete uchovat moře plné ryb i pro další generace.</p>
<p>Obrázek zobrazuje logo certifikace MSC (Marine Stewardship Council).
Jedná se o modrou značku s bílým obrysem ryby a zaškrtnutím.</p>
<p>Text na obrázku zní: * <strong>MSC</strong> - zkratka Marine
Stewardship Council, neziskové organizace, která stanovuje standardy pro
udržitelné rybolov. * <strong>CERTIFIKOVANÉ UDRŽITELNÉ MOŘSKÉ
POTRAVINY</strong> - označuje, že daný produkt s mořskými plody pochází
z udržitelně spravovaných rybolovů. * <strong>www.msc.org</strong> -
webová adresa organizace Marine Stewardship Council.</p>
<p>Logo a text společně informují zákazníka, že dané mořské plody jsou
certifikované jako udržitelné a pocházejí z odpovědných zdrojů.</p>
<p>Obrázek zobrazuje certifikační značku ASC (Aquaculture Stewardship
Council). Jedná se o neziskovou organizaci, která prosazuje zodpovědné
hospodaření s akvakulturou. Značka ASC zaručuje, že produkt (obvykle
ryby nebo mořské plody) pochází z chovu, který minimalizuje dopad na
životní prostředí a dodržuje sociální standardy.</p>
<p>Na obrázku je vidět logo ASC – stylizovaný obrázek ryby uvnitř kruhu
a nápis “CERTIFICAT asc”. Pod logem je webová adresa
„ASO-AQUIA.ORG“.</p>
<p>Obrázek zobrazuje certifikát “GGN Certified Farming”. Jedná se o
značku, která potvrzuje, že produkt (pravděpodobně zemědělský) byl
vypěstován v souladu s určitými standardy udržitelnosti a sociální
odpovědnosti.</p>
<ul>
<li><strong>Logo:</strong> Zobrazuje stylizovaný symbol připomínající
květinu nebo slunce s vpletenou siluetou postavy s kloboukem, což
naznačuje zemědělskou práci.</li>
<li><strong>Text:</strong>
<ul>
<li><strong>GGN:</strong> Zkratka pro GlobalGAP, mezinárodní standard
pro bezpečnost a kvalitu potravin a zemědělských produktů.</li>
<li><strong>CERTIFIED FARMING:</strong> Potvrzuje, že se jedná o
certifikovanou produkci.</li>
<li><strong>WWW.GGN.ORG:</strong> Adresa webové stránky organizace
GlobalGAP.</li>
</ul></li>
</ul>
<p>Obrázek neuvádí cenu žádného produktu, pouze potvrzuje, že se jedná o
certifikované zemědělství.</p>
<p>Produkty označené NEPORAZITELNÉ jsou produkty, jejichž cena uvedená
v našem letáku byla nejnižší ve srovnání s cenou uvedenou v letácích
konkurenčních obchodních řetězců platných ke dni 14. 4. 2025.</p>
<p>Sledujeme pro Vás takto ceny vybraných produktů u prodejců Billa,
Penny, Lidl, Kau and, Tesco Stores, Globus. Srovnáváme přitom ceny
platné pro všechny zákazníky kamenných prodejen. Jsou-li ceny</p>
<p>Jenny stejneho Tormatu, pro néjZ plati nas akCni letäk. Nase
spolecnost ale platnych zakonu nemuze ovlivnit pripadnou zménu cen
sledovanycn konkurenénich retezcu v dobe nasleaujici po tisku trilouci
nasicn letaku. Nelze tak garantovat, Ze cena produktu oznacenych v
letaku (404111113 zustane nejnizsí po celou dobu platnosti letaku IC
konkurenta určeny jen vybraným zákazníkům, nechceme se s nimi poměřovat.
Individuální či lokální nabídky, jakož i cenové nabídky platné jen pro
zákazníky loyalty programů či vlastníky zákaznických aplikací či karet
jsou proto ze srovnávání vyloučeny. Srovnáváme pouze ceny uvedené
v letácích těchto řetězců s platností alespoň jeden týden, které jsou
platné v den tisku našeho letáku pro kamenné prodejny stejného formátu,
pro nějž platí náš akční leták. Naše společnost dle platných zákonů
nemůže ovlivnit případnou změnu cen sledovaných konkurenčních řetězců
v době následující po tisku a distribuci našich letáků. Nelze tak
garantovat, že cena produktů označených v letáku NEPORAZITELNÉ zůstane
nejnižší po celou dobu platnosti letáku.</p>
<p>2</p>
<p>17K_Gril_SM_2025_verze_.indb 2</p>
<p>14.04.2025 17:35:11</p>
<p>NEPORAZITELNÉ produkty, jejichž cena byla nejnižší ve srovnání s
cenou uvedenou v letácích vybraných obchodních řetězců ke dni tisku
letáku 14. 4. 2025. Nelze garantovat,</p>
<p>že cena produktů označených v letáku NEPORAZITELNÉ zůstane nejnižší
po celou dobu platnosti letáku. Více informací na straně 2.</p>
<p>•▼ Nejnižší cena za posledních 30 dní u nás.</p>
<p>**</p>
<p>Tato nabídka platí od xxx do xxx 2025.</p>
<hr />
<p>poskytnutá informace</p>
<p>„česká potravina“</p>
<p>je v souladu s § 9b zákona</p>
<p>č. 110/1997 Sb., o potravinách a tabákových výrobcích,</p>
<p>a v souladu s příslušným prováděcím právním předpisem.</p>
<p>Adresa provozovatele: Albert Česká republika, s. r. o., Radlická 117,
158 00 Praha 5 – Nové Butovice. Veškeré zboží prodáváme v množství
obvyklém pro jednu domácnost. V letáku</p>
<p>jsou použita ilustrační fota. Ceny všech produktů platí pouze
v termínu od úterý 22. 4. do neděle 4. 5. 2025, není-li uvedeno jinak.
Uvedené ceny jsou bez dekorace. Distribuci ČÁ ČÍ</p>
<p>jpy pppý jy j zajišťuje společnost ČESKÁ DISTRIBUČNÍ k.s. V případě
problémů s distribucí letáků volejte bezplatnou infolinku 800 402 402
nebo pište na e-mailovou adresu: info@albert.cz.</p>
<p>U výrobků označovaných informací o energetické účinnosti výrobků má
zákazník přístup ke kompletnímu štítku a informačnímu listu výrobku
prostřednictvím volně přístupných internetových stránek
https://eprel.ec.europa.eu/screen/home.</p>
<p>Chyby v tisku vyhrazeny. Tato reklama není nabídkou ani výzvou
k podání nabídky.</p>
<p>Nabídka platí do vyprodání zásob. V kth Albt lltit tkiC</p>
<p>pppypp Brno – Moravské náměstí; Brno – Kociánka; Brno – Nádražní;
Brno, OC Špalíček – Mečová 2; Okříšky; Praha – Čs. armády;</p>
<p>pyp V supermarketech Albert lze platit stravenkami. iCenová nabídka
neplatí v hypermarketech Albert a v supermarketech ádžíOC Šlíčk čá
2OkříškhČá</p>
<p>Praha – Pod Harfou; Praha – Moskevská; Praha – Hlavní nádraží –
Wilsonova; Praha – Nebušická; Praha – Václavské náměstí;</p>
<p>Praha – Na Florenci; Praha – Náměstí Míru; Praha – Smíchov City;
Olomouc – Třída Svobody. Uvedené ceny jsou v Kč.</p>
<p>17/25</p>
<p>Produkty označené NEPORAZITELNÉ jsou produkty, jejichž cena uvedená
v našem letáku byla nejnižší ve srovnání s cenou uvedenou v letácích
konkurenčních obchodních řetězců platných ke dni 14. 4. 2025.</p>
<p>Sledujeme pro Vás takto ceny vybraných produktů u prodejců Billa,
Penny, Lidl, Kau and, Tesco Stores, Globus. Srovnáváme přitom ceny
platné pro všechny zákazníky kamenných prodejen. Jsou-li ceny konkurenta
určeny jen vybraným zákazníkům, nechceme se s nimi poměřovat.
Individuální či lokální nabídky, jakož i cenové nabídky platné jen pro
zákazníky loyalty programů či vlastníky zákaznických</p>
<p>aplikací či karet jsou proto ze srovnávání vyloučeny. Srovnáváme
pouze ceny uvedené v letácích těchto řetězců s platností alespoň jeden
týden, které jsou platné v den tisku našeho letáku pro kamenné</p>
<p>prodejny stejného formátu, pro nějž platí náš akční leták. Naše
společnost dle platných zákonů nemůže ovlivnit případnou změnu cen
sledovaných konkurenčních řetězců v době následující po tisku
a distribuci našich letáků. Nelze tak garantovat, že cena produktů
označených v letáku NEPORAZITELNÉ zůstane nejnižší po celou dobu
platnosti letáku.</p>
<p>Obrázek zachycuje leták s nabídkami masa, konkrétně hovězího, z
hypermarketu Albert. Zobrazuje různé druhy hovězího masa ve slevě,
včetně steaků, marinovaných žebírek a burgerů.</p>
<p><strong>Popis jednotlivých produktů a jejich cen:</strong></p>
<ul>
<li><strong>Hovězí Rump steak:</strong> Původní cena 239 Kč, sleva 27 %,
nová cena 159 Kč / 500 g (1 kg = 318 Kč). Země původu: Argentina,
Uruguay.</li>
<li><strong>Hovězí Plec steak:</strong> Původní cena 229 Kč, sleva 26 %,
nová cena 169 Kč / 350 g (1 kg = 482,86 Kč).</li>
<li><strong>Hovězí Queensland steak:</strong> Původní cena 199 Kč, sleva
25 %, nová cena 149 Kč / 300 g (1 kg = 496,67 Kč). Země původu:
Austrálie.</li>
<li><strong>Albert Marinovaná vepřová krkovice bez kosti:</strong>
Původní cena 139,90 Kč, sleva 21 %, nová cena 109,90 Kč / 525 g (1 kg =
209,34 Kč).</li>
<li><strong>Albert Marinovaný Back Bacon:</strong> Původní cena 109,90
Kč, sleva 18 %, nová cena 89,90 Kč / 310 g (1 kg = 289 Kč).</li>
<li><strong>Hovězí Vysoká rostěná:</strong> Původní cena 239 Kč, sleva
25 %, nová cena 179 Kč / 300 g (1 kg = 596,67 Kč). Země původu:
Namibie.</li>
<li><strong>Albert Burger Americano:</strong> Původní cena 64,90 Kč,
sleva 23 %, nová cena 49,90 Kč / 225 g (1 kg = 221,82 Kč).</li>
<li><strong>Excellent Burger Angus:</strong> Původní cena 119,90 Kč,
sleva 25 %, nová cena 89,90 Kč / 260 g (1 kg = 345,77 Kč).</li>
<li><strong>Albert Krůtí špízy:</strong> Původní cena 139,90 Kč, sleva
21 %, nová cena 109,90 Kč / 300 g (1 kg = 366,34 Kč).</li>
<li><strong>Hovězí Hrubá sekaná:</strong> Původní cena 109,90 Kč, sleva
26 %, nová cena 80,90 Kč / 300 g (1 kg = 269,67 Kč).</li>
</ul>
<p><strong>Text na obrázku:</strong></p>
<ul>
<li><strong>Albert Excellent Everyday Special.</strong></li>
<li><strong>Grilujte lépe s Excellent steak.</strong></li>
<li>U každého produktu je uvedena původní cena, procentuální sleva a
nová cena.</li>
<li>U každého produktu je uvedena hmotnost a cena za 1 kg.</li>
<li>Je uvedena země původu masa.</li>
</ul>
<p>poskytnutá informace o původu potravin „česká potravina” je v souladu
s § 9b zákona č. 110/1997 Sb., o potravinách</p>
<p>jpy pppý jy j zajišťuje společnost ČESKÁ DISTRIBUČNÍ k.s. V případě
problémů s distribucí letáků volejte bezplatnou infolinku 800 402 402
nebo pište na e-mailovou adresu: info@albert.cz.</p>
<p>Obrázek zobrazuje reklamu na český výrobek. V horní části je
znázorněna vlajka České republiky, což naznačuje původ produktu. Pod
vlajkou je text “Česká potravina”, který potvrzuje, že se jedná o
potravinu vyrobenou v České republice. Tento štítek má pravděpodobně
sloužit jako reklama pro lokální výrobky a upozornit zákazníky na jejich
původ. Cena produktu není na obrázku uvedena.</p>
<ul>
<li>a tabákových výrobcích,</li>
</ul>
<p>U výrobků označovaných informací o energetické účinnosti výrobků má
zákazník přístup ke kompletnímu štítku a informačnímu listu výrobku
prostřednictvím volně přístupných internetových stránek
https://eprel.ec.europa.eu/screen/home. Chyby v tisku vyhrazeny.
Tato reklama není nabídkou ani výzvou k podání nabídky. Nabídka platí do
vyprodání zásob. V kth Albt lltit tkiC pyp V supermarketech Albert lze
platit stravenkami. iCenová nabídka neplatí v hypermarketech Albert
a v supermarketech ádžíOC Šlíčk čá 2OkříškhČá pppypp Brno – Moravské
náměstí; Brno – Kociánka; Brno – Nádražní; Brno, OC Špalíček – Mečová 2;
Okříšky; Praha – Čs. armády;</p>
<ul>
<li>a v souladu s příslušným</li>
<li>provadecim pravnim preapisem.</li>
</ul>
<p>Obrázek zobrazuje logo supermarketu Albert. Obsahuje slovo “albert”
velkým modrým písmem a pod ním menším písmem “SUPERMARKET”. Nad slovem
“albert” je grafické logo ve tvaru zeleného a žlutého lístku.</p>
<p>Obrázek samotný neobsahuje žádný zlevněný/výhodný produkt, ani žádnou
cenu.</p>
<h2
id="praha-pod-harfou-praha-moskevská-praha-hlavní-nádraží-wilsonova-praha-nebušická-praha-václavské-náměstí">Praha
– Pod Harfou; Praha – Moskevská; Praha – Hlavní nádraží – Wilsonova;
Praha – Nebušická; Praha – Václavské náměstí;</h2>
<p>a vsouladus pri lusnym</p>
<p>Praha - Na Florendi; Praha - Namésti Miru; Praha - Smichov City;
Olomouc - Trida Svobody. Uvedené ceny jsou v KE. prováděcím právním
předpisem. Praha – Na Florenci; Praha – Náměstí Míru; Praha – Smíchov
City; Olomouc – Třída Svobody. Uvedené ceny jsou v Kč.</p>
<p>17/25</p>
<p>3</p>
<p>17K_Gril_SM_2025_verze_.indb 3</p>
<p>NEPORAZITELNÉ produkty, jejichž cena byla nejnižší ve srovnání s
cenou uvedenou v letácích vybraných obchodních řetězců ke dni tisku
letáku 14. 4. 2025. Nelze garantovat,</p>
<p>že cena produktů označených v letáku NEPORAZITELNÉ zůstane nejnižší
po celou dobu platnosti letáku. Více informací na straně 2.</p>
<p>•▼ Nejnižší cena za posledních 30 dní u nás.</p>
<p>**</p>
<p>Tato nabídka platí od xxx do xxx 2025.</p>
<hr />
<p>Tato nabídka neplatí pro prodejny xxxxxxxxxxxxx.</p>
<p>14.04.2025 17:35:28</p>
<p>BSASAH</p>
<p>AH</p>
<p>OB</p>
<p>91%</p>
<p>MASA</p>
<p>OBS</p>
<p>UTATAMAMANU</p>
<p>GLU</p>
<p>LUT</p>
<p>GL</p>
<p>Z</p>
<p>E</p>
<p>B</p>
<p>A GLGLULUTAMAMAMAN</p>
<p>A G</p>
<p>KU</p>
<p>KU</p>
<p>P</p>
<p>LE</p>
<p>LE</p>
<p>EZ</p>
<p>BEBEZ</p>
<p>ANU</p>
<p>NU</p>
<p>LEPEPKPKU</p>
<p>LE</p>
<p>EZ</p>
<p>EZ</p>
<p>B</p>
<p>PÁLÁLI</p>
<p>LIVIVÉVÉ</p>
<p>EP</p>
<p>EPÁ</p>
<p>N</p>
<p>NĚ P</p>
<p>Ě PÁ</p>
<p>RN</p>
<p>RNĚ</p>
<p>Í</p>
<p>M</p>
<p>PÁLÁLIVÉ</p>
<p>NĚ</p>
<p>DN</p>
<p>DNĚ</p>
<p>E</p>
<p>Ř</p>
<p>ST</p>
<p>ST</p>
<p>PÁPÁLIVÉVÉ</p>
<p>PÁLÁLIVÉ</p>
<p>I PÁ</p>
<p>LMI</p>
<p>MI P</p>
<p>LM</p>
<p>E</p>
<p>V</p>
<p>TÉMĚŘ 2x</p>
<p>DELŠÍ CHOV</p>
<p>MIN. 56 DNŮ</p>
<p>NUTRIČNĚ</p>
<p>VYVÁŽENÉ</p>
<p>KRMIVO</p>
<p>VĚTŠÍ</p>
<p>PROSTOR</p>
<p>PRO VÍCE POHYBU</p>
<p>199,-</p>
<ul>
<li></li>
<li></li>
</ul>
<p>24%</p>
<p>14990</p>
<p>Kuřecí prsní plátky s bylinkovým máslem</p>
<p>• masný polotovar</p>
<p>• 500 g • 1 kg = 299,80 Kč</p>
<ul>
<li>masny polotovar e 500 qe 1kg = 299,80 Kc</li>
</ul>
<p>89,90</p>
<ul>
<li></li>
</ul>
<p>22%</p>
<p>Kuřecí křídla</p>
<p>PIRI-PIRI</p>
<p>• masný polotovar</p>
<p>• 600 g • 1 kg = 116,50 Kč</p>
<p>6990</p>
<p>Nabídka masa platí od středy 23. 4. 2025.</p>
<p>249,-</p>
<ul>
<li></li>
<li></li>
</ul>
<p>20%</p>
<p>199</p>
<ul>
<li></li>
</ul>
<p>,</p>
<p>Vepřová pečeně</p>
<p>bez kosti – plátky</p>
<p>• chlazená • 1 kg</p>
<p>Dez Kosti- platKy |: 77</p>
<p>e chlazená © 1 kG</p>
<p>Nabidka masa plati od stredy 23. 4. 2025.</p>
<p>PÁLÁLILIVÉ</p>
<p>V a PÝR PIRIÝRO RI-P</p>
<ul>
<li></li>
</ul>
<p>VYZRÁLÉ</p>
<p>MINIMÁLNĚ</p>
<p>7 DNÍ</p>
<p>INTENZIVNÍ ZÁŽITEK CHUTI</p>
<p>A KŘEHKOST MASA.</p>
<p>ZRAJE VE VISU.</p>
<p>249,-</p>
<ul>
<li></li>
<li></li>
</ul>
<p>20%</p>
<p>199</p>
<p>Vepřová krkovice</p>
<ul>
<li></li>
</ul>
<p>bez kosti – plátky</p>
<p>,</p>
<p>• chlazená • 1 kg yRALOVSKE</p>
<p>21%</p>
<p>00g VÝR Albert Klobáska PIRI-PIRI</p>
<p>Albert Marinovaná</p>
<p>17K_Gril_SM_2025_verze_.indb 4</p>
<p>Obrázek zachycuje reklamní leták na produkty s příchutí piripiri z
hypermarketu. Jsou zde zobrazeny čtyři produkty:</p>
<ol type="1">
<li><strong>Albert Klobása PIRIPIRI</strong>: 170g za 36,90 Kč (původně
46,90 Kč, sleva 21%).</li>
<li><strong>Albert Marinovaná vepřová krkovice PIRIPIRI</strong>: 525g
za 109,90 Kč (původně 139,90 Kč, sleva 21%). Uvedena cena za 1kg -
209,34 Kč.</li>
<li><strong>Excellent Vepřová zebra PIRIPIRI</strong>: 600g za 129,90 Kč
(původně 169,- Kč, sleva 23%). Uvedena cena za 1kg - 216,50 Kč.</li>
<li><strong>Albert Špekáčky PIRIPIRI</strong>: 480g za 74,90 Kč (původně
99,90 Kč, sleva 25%). Uvedena cena za 100g - 15,61 Kč.</li>
</ol>
<p>Uprostřed letáku je nápis “PIRI-PIRI” a text “je chilli paprika
pocházející z Portugalska. Ochutnejte naši novou, opravdu palivou řadu
na gril.” V dolní části je ikona chilli papričky s nápisem “EXTRA
PÁLIVÉ”.</p>
<p>14.04.2025 17:35:49</p>
<p>NEPORAZITELNÉ produkty, jejichž cena byla nejnižší ve srovnání s
cenou uvedenou v letácích vybraných obchodních řetězců ke dni tisku
letáku 14. 4. 2025. Nelze garantovat,</p>
<p>že cena produktů označených v letáku NEPORAZITELNÉ zůstane nejnižší
po celou dobu platnosti letáku. Více informací na straně 2.</p>
<p>•▼ Nejnižší cena za posledních 30 dní u nás.</p>
<p>**</p>
<p>Tato nabídka platí od xxx do xxx 2025.</p>
<hr />
<p>Tato nabídka neplatí pro prodejny xxxxxxxxxxxxx.</p>
<p>Kuřecí steak na gril</p>
<p>• masný polotovar • 450 g • 1 kg = 222 Kč</p>
<p>129,90</p>
<ul>
<li></li>
</ul>
<p>23%</p>
<p>9990</p>
<p>KRMIVO</p>
<p>VYPĚSTOVANÉ</p>
<p>NA FARMĚ</p>
<p>Z VOLNÉHO</p>
<p>VÝBĚHU</p>
<p>MOŽNOST KDYKOLIV</p>
<p>VYBĚHNOUT VEN.</p>
<p>Albert</p>
<p>Bratwurst</p>
<p>• 330 g • 100 g</p>
<p>= 13,61 Kč bez Aplikace /</p>
<p>12,10 Kč Aplikace</p>
<ul>
<li></li>
</ul>
<p>69,90</p>
<p>42%</p>
<p>3990</p>
<p>BEZ</p>
<p>APLIKACE</p>
<p>4490</p>
<p>89,90</p>
<ul>
<li></li>
</ul>
<p>16%</p>
<p>7490</p>
<p>Albert Klobáska</p>
<p>Chorizo BBQ</p>
<p>• 290 g • 100 g = 25,83 Kč</p>
<p>Chorizo BBQ</p>
<p>NOVINKA</p>
<p>Vidlice opékací</p>
<p>teleskopická · 1 ks ·72 cm</p>
<p>4990</p>
<p>T O</p>
<p>N E J L E P Š Í N A G</p>
<p>R I L</p>
<p>a NA</p>
<p>as MITOS</p>
<p>Albert</p>
<p>Gril mix klobásky</p>
<p>• 200 g • 100 g = 29,95 Kč</p>
<p>69,90</p>
<ul>
<li></li>
</ul>
<p>59</p>
<p>14%</p>
<p>90</p>
<p>NOVINKA</p>
<p>Albert</p>
<p>69,90</p>
<ul>
<li></li>
</ul>
<p>28%</p>
<p>4990</p>
<p>Kuřecí klobásky</p>
<p>• 240 g • 100 g = 20,80 Kč • dva druhy</p>
<p>90</p>
<p>MASA</p>
<p>21,90</p>
<ul>
<li></li>
</ul>
<p>18%</p>
<p>1790</p>
<p>PREMIUM</p>
<p>Farmářské špekáčky</p>
<p>• cena za 100 g • obsluhovaný úsek • bez lepku, sóji, glutamanu
sodného E621 a barviva E120</p>
<p>e cena za 100 g ® obsluhovany úsex e bez lepku,</p>
<p>SOji, glutamanu sodneho E621 a barviva E120</p>
<p>17K_Gril_SM_2025_verze_.indb 5</p>
<p>NEPORAZITELNÉ produkty, jejichž cena byla nejnižší ve srovnání s
cenou uvedenou v letácích vybraných obchodních řetězců ke dni tisku
letáku 14. 4. 2025. Nelze garantovat,</p>
<p>že cena produktů označených v letáku NEPORAZITELNÉ zůstane nejnižší
po celou dobu platnosti letáku. Více informací na straně 2.</p>
<p>•▼ Nejnižší cena za posledních 30 dní u nás.</p>
<p>**</p>
<p>Tato nabídka platí od xxx do xxx 2025.</p>
<hr />
<p>Tato nabídka neplatí pro prodejny xxxxxxxxxxxxx.</p>
<p>Albert</p>
<p>Bavorská grilovací klobása šnek</p>
<p>• 200 g • 100 g = 32,45Kč</p>
<p>84,90</p>
<ul>
<li></li>
</ul>
<p>23%</p>
<p>6490</p>
<p>NOVINKA</p>
<p>95</p>
<p>MASA</p>
<p>Albert Špekáčky</p>
<p>•500 g • 100 g= 13,98  Kč</p>
<p>e 500 y © 100 g =13,98 Ki</p>
<p>28,50</p>
<ul>
<li></li>
</ul>
<p>19%</p>
<p>2290</p>
<p>97,90</p>
<ul>
<li></li>
</ul>
<p>28%</p>
<p>6990</p>
<p>86</p>
<p>MASA</p>
<p>85</p>
<p>MASA</p>
<p>Špekáčky</p>
<p>• cena za 100 g</p>
<p>• obsluhovaný úsek e cenaza 100 y</p>
<p>18,90</p>
<ul>
<li></li>
</ul>
<p>26%</p>
<p>1390</p>
<p>Albert Klobásky d</p>
<p>s goudou</p>
<p>• 170 g • 100 g = 21,71 Kč Kč</p>
<p>46,90</p>
<ul>
<li></li>
</ul>
<p>21%</p>
<p>3690</p>
<p>11 % goudy</p>
<p>96</p>
<p>MASA</p>
<p>PREMIUM</p>
<p>Mistrovská klobása</p>
<p>• cena za 100 g • obsluhovaný úsek</p>
<p>• bez lepku, sóji, glutamanu sodného</p>
<p>E621 a barviva E120</p>
<p>5</p>
<p>14.04.2025 17:36:04</p>
<p>Nature’s</p>
<p>Promise Bio e 5UU q Drůbeží masové klobásy* · masný polotovar · 300 g
· 1 kg = 366,34 Kč</p>
<p>3</p>
<p>1</p>
<p>6</p>
<p>89,90</p>
<ul>
<li></li>
</ul>
<p>16%</p>
<p>7490</p>
<p>1</p>
<p>KREDIT</p>
<p>NAVÍC</p>
<p>Albert</p>
<p>Bio Spekacky e 500 g e 100 g = 24,97 KC Bio Špekáčky · 300 g · 100 g
= 24,97Kč</p>
<p>139,90</p>
<ul>
<li></li>
</ul>
<p>11,90</p>
<ul>
<li></li>
</ul>
<p>16%</p>
<p>990</p>
<p>1</p>
<p>21%</p>
<p>10990</p>
<p>KREDITY</p>
<p>NAVÍC</p>
<p>85</p>
<ul>
<li></li>
</ul>
<p>30%</p>
<p>4490</p>
<p>NAVÍC</p>
<p>Nature’s Promise</p>
<p>Bio Kečup</p>
<p>•530 g • 100 g = 8,48Kč</p>
<p>Bio Kecup</p>
<p>*Nabídka masa platí od středy 23. 4. 2025.</p>
<p>Na obrázku je balení bio párků “Nature’s Promise”. Jsou uloženy v
plastové vaničce. Na štítku je nápis “Nature’s Promise Bio”. Cena
produktu není na obrázku viditelná.</p>
<p>Nature’s Promise</p>
<p>Bio Hovězí</p>
<p>e chlazeny e 500 q topside steak · chlazený · 300 g · 1 kg =
530Kč</p>
<p>219,-</p>
<ul>
<li></li>
<li></li>
</ul>
<p>27%</p>
<p>159</p>
<p>KREDITY</p>
<p>NAVÍC</p>
<p>Nature’s Promise Bio Camembert</p>
<p>•120 g • 100 g = 24,92Kč</p>
<p>e 120 q e 100 g = 24,92 Ke</p>
<p>36,90</p>
<ul>
<li></li>
</ul>
<p>,</p>
<p>3</p>
<p>1</p>
<p>Bio Bulka hamburgerova © /0g ® WUg = 14,15 KC hamburgerová ·70 g
· 100 g = 14,15Kč</p>
<ul>
<li></li>
</ul>
<p>27%</p>
<p>12990</p>
<p>KREDITY</p>
<p>NAVÍC</p>
<p>3</p>
<p>Nature’s Promise e masny polotovar e 260 q e 1kg= 345,77 Kc Bio
Hovězí burger · masný polotovar ·260 g · 1 kg = 345,77Kč</p>
<p>3</p>
<p>119,90</p>
<ul>
<li></li>
</ul>
<p>25%</p>
<p>8990</p>
<p>KREDITY</p>
<p>NAVÍC</p>
<p>Nature’s Promise</p>
<p>Bio Marinovaná vepřová pečeně bez kosti</p>
<p>• masný polotovar •350 g • 1 kg = 371,15Kč</p>
<p>Bio Marinovaná veprova pecene bez kosti e masny polotovar * 350 q *
1kg = 571,15 Kc</p>
<p>89,90</p>
<ul>
<li></li>
</ul>
<p>22%</p>
<p>6990</p>
<p>3</p>
<p>Nature’s Promise Bio Trhané vepřové</p>
<p>• sous vide • chlazené • 300 g • 1 kg = 333 Kč</p>
<p>e sous vide e chlazené e 500 g e 1kg = 555 Kl</p>
<p>17K_Gril_SM_2025_verze_.indb 6</p>
<p>14.04.2025 17:36:11</p>
<p>NEPORAZITELNÉ produkty, jejichž cena byla nejnižší ve srovnání s
cenou uvedenou v letácích vybraných obchodních řetězců ke dni tisku
letáku 14. 4. 2025. Nelze garantovat,</p>
<p>že cena produktů označených v letáku NEPORAZITELNÉ zůstane nejnižší
po celou dobu platnosti letáku. Více informací na straně 2.</p>
<p>•▼ Nejnižší cena za posledních 30 dní u nás.</p>
<p>**</p>
<p>Tato nabídka platí od xxx do xxx 2025.</p>
<hr />
<p>Tato nabídka neplatí pro prodejny xxxxxxxxxxxxx.</p>
<p>KREDITY</p>
<p>NAVÍC</p>
<p>3</p>
<p>Nature’s</p>
<p>Promise e200q e 1 kg = 549,50 Kc Bio Drůbeží burger* · masný
polotovar · 200 g · 1 kg = 349,50Kč</p>
<p>139,90</p>
<ul>
<li></li>
</ul>
<p>28%</p>
<p>9990</p>
<p>VEGAN</p>
<p>Nature’s Promise Veggie Mleté</p>
<p>• chlazené • balené</p>
<p>69,90 · 250 g · 100 g = 21,96Kč</p>
<ul>
<li></li>
</ul>
<p>21%</p>
<p>5490</p>
<p>1</p>
<p>KREDIT</p>
<p>NAVÍC</p>
<p>Nature’s Promise Veggie Seitanové tyčinky</p>
<p>• chlazené • balené • 200 g • 100 g = 19,95Kč</p>
<p>-20%</p>
<p>13,50</p>
<ul>
<li></li>
</ul>
<p>69,90</p>
<ul>
<li></li>
</ul>
<p>21%</p>
<p>5490</p>
<p>VEGAN</p>
<p>Nature’s Promise Veggie Burger</p>
<p>• chlazený • balený • 200 g • 100 g = 27,45Kč</p>
<p>1</p>
<p>KREDIT</p>
<p>NAVÍC</p>
<p>19%</p>
<p>1090</p>
<p>Na obrázku je zlevněný produkt – balení seitanových lýnek značky
Nature’s Promise.</p>
<p><strong>Popis produktu:</strong></p>
<ul>
<li><strong>Název:</strong> Seitanové lýnky Nature’s Promise</li>
<li><strong>Původní cena:</strong> 49,90 Kč</li>
<li><strong>Sleva:</strong> 20 %</li>
<li><strong>Nová cena:</strong> 39,90 Kč</li>
<li><strong>Výhoda:</strong> Navíc kredit v aplikaci Albert (symbol
chytrého telefonu s logem Albert)</li>
</ul>
<p><strong>Další informace:</strong></p>
<ul>
<li>Balení je z plastu a obsahuje nutriční hodnoty a složení.</li>
<li>Produkt je veganský (označeno symbolem vegetariánské zeleniny) a je
určen pro vegetariány/vegany.</li>
<li>Hmotnost produktu není na obrázku dobře čitelná.</li>
</ul>
<p>1</p>
<p>KREDIT</p>
<p>NAVÍC</p>
<p>Nature’s Promise</p>
<p>Na obrázku je balíček zlevněného produktu “Nature’s Promise Veggie -
Tofu karbanátky”. Je to rostlinná alternativa karbanátků, pravděpodobně
z tofu.</p>
<p>Na štítku je uvedena cena: <strong>109,90 Kč</strong>.</p>
<p>Štítek dále obsahuje seznam složení, nutriční hodnoty, informace o
výrobci a pokyny k skladování. Je také označen logem “Veggie” a symbolem
“vegan”.</p>
<p>89,90</p>
<p>4990</p>
<p>1</p>
<p>KREDIT</p>
<p>NAVÍC</p>
<p>Hellmann’s Vegan</p>
<p>•270 g • 100 g = 18,49Kč</p>
<p>• vybrané druhy</p>
<p>• 49,90 Kč</p>
<p>▼ Nejnižší cena za posledních 30 dní u nás.</p>
<p>VEGAN</p>
<p>49,90 -20% Veggie Tofu karbanátky · chlazené · balené · 200 g · 100
g = 19,95Kč</p>
<p>3990</p>
<p>1</p>
<p>KREDIT</p>
<p>NAVÍC</p>
<p>AH Terra</p>
<p>Zeleninový řízek</p>
<p>• chlazený • balený</p>
<p>• 200 g • 100 g = 22,45 Kč</p>
<p>59,90</p>
<ul>
<li></li>
</ul>
<p>25%</p>
<p>4490</p>
<p>KREDIT</p>
<p>NAVÍC</p>
<p>Nature’s Promise Bio Tofu natural</p>
<p>• chlazené • balené • cena za 100 g</p>
<p>17,40</p>
<ul>
<li></li>
</ul>
<p>25%</p>
<p>1290</p>
<p>KREDIT</p>
<p>NAVÍC</p>
<p>49,90</p>
<ul>
<li></li>
</ul>
<p>20%</p>
<p>3990</p>
<p>KREDIT</p>
<p>NAVÍC</p>
<p>Nature’s Promise Veggie Čočkový burger</p>
<p>• chlazený • balený • 200 g • 100 g = 19,95 Kč</p>
<p>VEGAN</p>
<p>Obrázek zobrazuje žlutý štítek s nápisem “VEGAN”. Tento štítek se
používá k označení produktů, které jsou vhodné pro vegany, tedy
neobsahují žádné živočišné produkty. Zřejmě se jedná o výhodovou cenu
nebo speciální nabídku v hypermarketu, protože štítek je výrazný a
barevný.</p>
<p>17K_Gril_SM_2025_verze_.indb 7</p>
<p>NEPORAZITELNÉ produkty, jejichž cena byla nejnižší ve srovnání s
cenou uvedenou v letácích vybraných obchodních řetězců ke dni tisku
letáku 14. 4. 2025. Nelze garantovat,</p>
<p>že cena produktů označených v letáku NEPORAZITELNÉ zůstane nejnižší
po celou dobu platnosti letáku. Více informací na straně 2.</p>
<p>•▼ Nejnižší cena za posledních 30 dní u nás.</p>
<p>**</p>
<p>Tato nabídka platí od xxx do xxx 2025.</p>
<hr />
<p>Tato nabídka neplatí pro prodejny xxxxxxxxxxxxx.</p>
<p>7</p>
<p>14.04.2025 17:36:18</p>
<p>Nature’s Promise Veggie /</p>
<p>gg Tofu marinované/uzené</p>
<p>· chlazené · balené · cena za 100 g</p>
<p>59,90</p>
<ul>
<li></li>
</ul>
<p>25%</p>
<p>4490</p>
<p>KREDIT</p>
<p>NAVÍC</p>
<p>AH Terra Falafel</p>
<p>• chlazený • balený</p>
<p>• 200 g • 100 g = 22,45Kč</p>
<p>• různé druhy</p>
<p>1</p>
<p>VEGAN</p>
<p>1</p>
<p>1</p>
<p>VEGAN</p>
<p>1</p>
<p>1</p>
<p>Nature’s</p>
<ul>
<li></li>
</ul>
<p>24,30 22% Promise Veggie Seitan · chlazený · balený · cena za 100
g</p>
<p>1890</p>
<p>KREDIT</p>
<p>NAVÍC</p>
<p>Na obrázku je kruhová reklama na produkty “Gril” v hypermarketu
Albert.</p>
<p><strong>Popis:</strong></p>
<ul>
<li><strong>Centrální text:</strong> Velkým písmem je napsáno slovo
“Gril”.</li>
<li><strong>Podtext:</strong> Pod slovem “Gril” je nápis “TO NEJLEPŠÍ NA
GRIL” s malým ohněm mezi slovy.</li>
<li><strong>Logo:</strong> V horní části je logo hypermarketu
Albert.</li>
</ul>
<p>Reklama informuje o nabídce produktů pro grilování v Albertu. Cena
není uvedena.</p>
<p>49,90</p>
<ul>
<li></li>
</ul>
<p>40%</p>
<p>2990</p>
<p>Albert Kukuřice cukrová předvařená</p>
<p>•350g • 100  g = 9,40Kč</p>
<p>49,90</p>
<ul>
<li></li>
</ul>
<p>34%</p>
<p>3290</p>
<p>Albert Gurmánské brambory</p>
<p>•650g • 100 g = 5,37Kč</p>
<ul>
<li></li>
</ul>
<p>30%</p>
<p>Menu Inspirace</p>
<p>Lilek</p>
<p>• 1 kg</p>
<p>69,90</p>
<ul>
<li></li>
</ul>
<p>35%</p>
<p>4490</p>
<p>Sleva platí na vybrané výrobky Menu inspirace, které jsou aktuálně
nabízeny v Exkluzivní akci.</p>
<p>Sleva platí od 26. 3. do 13. 5. 2025, nebo do vyprodání zásob. Slevu
lze uplatnit po načtení aplikace u pokladny. Více info v aplikaci. 8</p>
<p>54,90</p>
<ul>
<li></li>
</ul>
<p>12%</p>
<p>4790</p>
<ul>
<li></li>
</ul>
<p>28%</p>
<p>2490</p>
<p>Albert</p>
<p>Rozmarýn</p>
<p>• bal. 20 g • 100 g = 124,50Kč</p>
<p>34,90</p>
<p>29,90</p>
<ul>
<li></li>
</ul>
<p>33%</p>
<p>1990</p>
<p>Albert</p>
<p>Řepa červená</p>
<p>předvařená</p>
<p>• 500 g • 100 g = 3,98Kč</p>
<p>e 500 y + 100 q = 398 KC</p>
<p>Albert</p>
<p>Česnek tuzemsko</p>
<p>• 2 ks v balení • 1 ks = 14,95 Kč</p>
<p>e 2ks v baleni e 1ks = 14 95 Kc</p>
<p>79,90</p>
<ul>
<li></li>
</ul>
<p>50%</p>
<p>3990</p>
<p>Albert</p>
<p>Rajčata soudková</p>
<p>keříková</p>
<p>• 300 g • 100 g =13,30Kč</p>
<p>e 500 q e ¡UL g= 15,50 KC</p>
<p>Na obrázku je balení tepelně zpracovaného masa, pravděpodobně krůtí
šunky “Trubač”. Na obalu je zobrazen motiv krůty a je patrné, že se
jedná o zlevněný produkt.</p>
<p>Na obalu je text, který popisuje složení, výživové hodnoty a další
informace o produktu.</p>
<p>Na spodní části obalu je uvedena cena <strong>69,⁹⁰ Kč</strong> za
balení o hmotnosti <strong>300g</strong>.</p>
<p>Albert</p>
<p>Obrázek zachycuje balení salátové směsi “Třinecké mix party” od
výrobce Alberta. Na přední straně balení je kruhové logo s nápisem
“Třinecké” a pod ním obrázek rajčete s listem. Pod logem je nápis “Mix
listové saláty a rajčata”.</p>
<ul>
<li></li>
</ul>
<p>14%</p>
<p>Albert Rukola</p>
<p>• 100 g</p>
<p>KUK e 1009</p>
<p>Salát Párty mix</p>
<p>• 180 g • 100 g = 18,28Kč</p>
<p>39,90</p>
<ul>
<li></li>
</ul>
<p>17%</p>
<p>3290</p>
<p>Na obrázku je balení rukoly značky Tržnice. Balení je z průhledného
plastu, takže je vidět zelená listová zelenina uvnitř.</p>
<p>Na etiketě je nápis “Tržnice” velkým písmem v zelené barvě. Pod
nápisem je malý obrázek listu rukoly. Pod obrázkem je text “Pro čerstvý
salát a chutné jídlo”.</p>
<p>V levém dolním rohu je žlutá cedulka s nápisem “SLEVA” a pod ní cena
“19,90 Kč”. Původní cena je přeškrtnutá a je uvedena jako “24,90 Kč”.
Pod cedulkou je napsáno “rukola”.</p>
<ul>
<li></li>
</ul>
<p>39,90</p>
<p>Na obrázku jsou dva zlevněné produkty z hypermarketu.</p>
<p><strong>Levá strana:</strong></p>
<ul>
<li><strong>Produkt:</strong> Třenice Grenaille brambory</li>
<li><strong>Hmotnost:</strong> 450 g</li>
<li><strong>Původní cena:</strong> 39,90 Kč</li>
<li><strong>Sleva:</strong> 15 %</li>
<li><strong>Nová cena:</strong> 33,90 Kč</li>
<li><strong>Popis:</strong> Na obalu je uvedeno “Menu inspirace”.</li>
</ul>
<p><strong>Pravá strana:</strong></p>
<ul>
<li><strong>Produkt:</strong> Třenice Salátový mix Caesar</li>
<li><strong>Hmotnost:</strong> 350 g</li>
<li><strong>Cena za 100 g:</strong> 21,83 Kč</li>
<li><strong>Původní cena:</strong> 89,90 Kč</li>
<li><strong>Sleva:</strong> 15 %</li>
<li><strong>Nová cena:</strong> 76,40 Kč</li>
<li><strong>Popis:</strong> Na obalu je uvedeno “Menu inspirace” a
“obsahuje dresink, krutony, tvrdý sýr”. Je označen novinkou.</li>
</ul>
<p>Oba produkty jsou součástí řady “Menu inspirace” od Třenice a jsou
nabízeny se slevou 15 %.</p>
<p>Na obrázku je mobilní telefon zobrazující logo hypermarketu Albert.
Nad logem je nápis „výhoda“ a pod logem pravděpodobně cena produktu.
Konkrétní informace o produktu a ceně nejsou čitelné.</p>
<p>17K_Gril_SM_2025_verze_.indb 8</p>
<p>14.04.2025 17:36:43</p>
<p>NEPORAZITELNÉ produkty, jejichž cena byla nejnižší ve srovnání s
cenou uvedenou v letácích vybraných obchodních řetězců ke dni tisku
letáku 14. 4. 2025. Nelze garantovat,</p>
<p>že cena produktů označených v letáku NEPORAZITELNÉ zůstane nejnižší
po celou dobu platnosti letáku. Více informací na straně 2.</p>
<p>•▼ Nejnižší cena za posledních 30 dní u nás.</p>
<p>**</p>
<p>Tato nabídka platí od xxx do xxx 2025.</p>
<hr />
<p>Tato nabídka neplatí pro prodejny xxxxxxxxxxxxx.</p>
<p>Hotový salát stačí jen zamíchat</p>
<p>15%</p>
<p>Albert</p>
<p>Žampiony Portobello</p>
<p>• 300 g • 100 g = 15,97Kč</p>
<p>46,90</p>
<ul>
<li></li>
</ul>
<p>36%</p>
<p>2990</p>
<p>Salát římský</p>
<p>• 1 ks</p>
<p>&gt; albert —e</p>
<p>T O</p>
<p>N E J L E P Š Í N A G</p>
<p>R I L</p>
<p>Hellmann’s</p>
<p>Dresink</p>
<p>• 250 ml</p>
<p>• 100 ml = 23,96Kč</p>
<p>• vybrané druhy</p>
<p>• 59,90 Kč</p>
<p>e vybrane druhy</p>
<p>74,90</p>
<p>5990</p>
<p>Obrázek zachycuje obal produktu “HELLENIKOS” - sýr řeckého typu.
Produkt je zlevněný, původní cena je 1,30,- Kč a nová cena 1,20,- Kč.
Balení obsahuje 200g sýra. Na obalu je vyobrazen sýr s mřížkou a
obklopují ho ilustrace rajčat a oliv. Obal má tmavě modré pozadí s bílým
nápisem “GRILL”.</p>
<p>Hellmann’s</p>
<p>109,90</p>
<p>5490</p>
<p>Majonéza/</p>
<p>Tatarská omáčka</p>
<p>500 ml</p>
<p>• 100 ml = 10,98Kč</p>
<p>• 59,90 Kč</p>
<p>RALENÍ 50)</p>
<p>Ae</p>
<p>aa HELLMARNS PATO</p>
<p>can</p>
<p>= TATAR GW</p>
<p>500 ml</p>
<p>▼ Nejnižší cena za posledních 30 dní u nás.</p>
<p>Albert</p>
<p>Gril Pološtiepok</p>
<p>• 290 g • 100 g = 27,56Kč</p>
<p>• vybrané druhy</p>
<p>119,90</p>
<ul>
<li></li>
</ul>
<p>33%</p>
<p>7990</p>
<p>Albert</p>
<p>Gril Hellenikos</p>
<p>• 200 g • 100 g = 27,45Kč</p>
<p>77,90</p>
<ul>
<li></li>
</ul>
<p>29%</p>
<p>5490</p>
<p>Obrázek zachycuje balení čtyř kusů uzeného polokousku s brusinkovou
omáčkou od výrobce Gril. Balení je tmavě hnědé s červenými akcenty ve
tvaru brusinek. Na přední straně je nápis “Gril” ve zdobeném písmu a pod
ním nápis “POLOŠTIEPOK UZENÝ S BRUSINKOVOU OMÁČKOU”. Vlevo dole je
vyobrazeno “4x” a obrázek nakrájených brusinek. Vpravo dole jsou
informace o množství (4x60g) a ceně: 119,90 Kč. Celkový vzhled balení
naznačuje výhodné balení produktu, který je nabízen v hypermarketu.</p>
<p>16,90</p>
<p>23%</p>
<p>1290</p>
<ul>
<li></li>
</ul>
<p>Albert Coleslaw salát</p>
<p>• chlazený • balený</p>
<p>• 150 g • 100 g = 8,60 Kč</p>
<p>Obrázek ukazuje balený Coleslaw salát. Na obalu je velké modré pole s
nápisem “COLESLAW salát”. V levém dolním rohu je štítek s nápisem
“NOVINKA” a cenovka s nápisem “39,90 Kč”. Salát obsahuje směs bílého
zelí, mrkve a petržele.</p>
<p>Rajčatový dip se sýrem a piniovými oříšky</p>
<p>Na obrázku je reklama na produkty “Tapas” od Alberta Excellent.
Nabídka je založena na slevě “Vždy 2+1 navíc”, což znamená, že při koupi
dvou kusů z řady Tapas dostanete jeden kus zdarma.</p>
<p>Zobrazené produkty a jejich ceny jsou:</p>
<ul>
<li><strong>Rajčatový dip se sýrem a piníovými oříšky:</strong> 90 g,
64,56 Kč / 100 g</li>
<li><strong>Tzatziki:</strong> 130 g, 44,62 Kč</li>
<li><strong>Truffle Mayo Majonéza s lanýžovou příchutí:</strong> 190
g</li>
<li><strong>Guacamole – dip s avokádem:</strong> 175 g, 38,86 Kč / 100
g</li>
<li><strong>Chimichurri – jemně pikantní:</strong> 60 g, 96,67 Kč / 100
g</li>
<li><strong>Dip se sýrem a grilovanou cibulkou:</strong> 180 g, 33,78 Kč
/ 100 g</li>
<li><strong>Hummus s grilovanou zeleninou:</strong> 175 g</li>
<li><strong>Trio Tapenáda:</strong> 150 g, 45,33 Kč / 100 g</li>
</ul>
<p>Uvádí se také upozornění, že nejlevnější výrobek je v ceně zdarma. V
dolní části obrázku je uvedeno, že obaly výrobků jsou z 80%
recyklovatelného plastu.</p>
<p>Albert Gril</p>
<p>Oštěpky uzené</p>
<p>•175 g • 100 g = 34,23Kč</p>
<p>79,90</p>
<p>25%</p>
<p>5990</p>
<p>chuťovky</p>
<p>Dip se sýrem</p>
<p>17K_Gril_SM_2025_verze_.indb 9</p>
<p>14.04.2025 17:37:30</p>
<p>NEPORAZITELNÉ produkty, jejichž cena byla nejnižší ve srovnání s
cenou uvedenou v letácích vybraných obchodních řetězců ke dni tisku
letáku 14. 4. 2025. Nelze garantovat,</p>
<p>že cena produktů označených v letáku NEPORAZITELNÉ zůstane nejnižší
po celou dobu platnosti letáku. Více</p>
<p>•▼ Nejnižší cena za posledních 30 dní u nás.</p>
<p>**</p>
<p>Tato nabídka platí od xxx do xxx 2025.</p>
<hr />
<p>Tato nabídka neplatí pro prodejny xxxxxxxxxxxxx.</p>
<ul>
<li></li>
</ul>
<p>vždy</p>
<p>NAVI´C</p>
<p>albert</p>
<p>T O</p>
<p>N E J L E P Š Í N A G</p>
<p>R I L</p>
<p>Made f</p>
<ul>
<li>omá(ka e vybrane</li>
</ul>
<p>79,90</p>
<ul>
<li></li>
</ul>
<p>59,90</p>
<ul>
<li></li>
</ul>
<p>25%</p>
<p>4490</p>
<p>Kotányi Mlýnek</p>
<p>Pepř čtyřbarevný celý</p>
<p>•35g • 100 g = 128,29Kč</p>
<p>® 55g ® 10Ug=128,29 KC</p>
<p>37%</p>
<p>4990</p>
<p>Kühne</p>
<p>Made for Meat</p>
<p>• omáčka k masu</p>
<p>•235ml • 100ml = 21,24 Kč</p>
<p>29,90</p>
<ul>
<li></li>
</ul>
<p>26%</p>
<p>2190</p>
<p>Vitana</p>
<p>Tekutá marináda</p>
<p>• 80 g • 100 g = 27,38Kč</p>
<p>• vybrané druhy e vybrane druny</p>
<p>69,90</p>
<p>3990</p>
<p>SPAK Dressing</p>
<p>• 250 g • 100 g = 15,96Kč</p>
<p>• vybrané druhy</p>
<p>• vybrané druhy</p>
<p>• 39,90Kč</p>
<p>e vyDrane druhy</p>
<p>69,90</p>
<p>79,90</p>
<p>J</p>
<p>Lays</p>
<p>3590</p>
<p>e 110-150 g e 10</p>
<p>VIVA</p>
<p>Beraní rohy</p>
<p>• 640 g</p>
<p>• 100 g = 11,22Kč</p>
<p>• 35,90 Kč</p>
<p>Lay’s</p>
<p>• 110–130 g • 100 g od 30,70 Kč</p>
<p>• vybrané druhy</p>
<p>• 36,90 Kč</p>
<p>57,90</p>
<p>3990</p>
<p>Home Kitchen Alobal 30 m</p>
<p>• 1 balení</p>
<p>• 59,90 Kč</p>
<p>79,90</p>
<p>5990</p>
<p>5490</p>
<p>Vitana</p>
<p>Steaková</p>
<p>omáčka</p>
<p>• 287 g</p>
<p>• 100 g = 19,13 Kč</p>
<p>• 52,90Kč</p>
<p>Kecup jemny e 460g</p>
<p>,85 Ke</p>
<p>Heinz</p>
<p>Kečup jemný</p>
<p>• 460 g</p>
<p>• 100 g = 10,85Kč</p>
<p>• 49,90Kč</p>
<p>79,90</p>
<p>4990</p>
<p>19,90</p>
<ul>
<li></li>
</ul>
<p>25%</p>
<p>1490</p>
<p>Chio Popcorn</p>
<p>• 80 g • 100 g = 18,63Kč</p>
<p>• vybrané druhy e vybrane druhy</p>
<p>MARINADA</p>
<p>MEDOYA</p>
<p>Preclíky a krekry mix</p>
<p>• 500 g • 100 g = 11,98Kč</p>
<p>• 59,90 Kč</p>
<p>69,90</p>
<p>5990</p>
<p>Sada steakových příborů 12 ks</p>
<p>• pro 6 osob e pro 6 0sob</p>
<p>269,-</p>
<ul>
<li></li>
<li></li>
</ul>
<p>29%</p>
<p>NOVINKA</p>
<p>Arašídy</p>
<p>189</p>
<ul>
<li></li>
</ul>
<p>,</p>
<p>solené</p>
<p>• 60 g • 100 g</p>
<p>=</p>
<p>24,84Kč</p>
<p>• 14,90 Kč</p>
<p>10</p>
<p>NEPORAZITELNÉ produkty, jejichž cena byla nejnižší ve srovnání s
cenou uvedenou v letácích vybraných obchodních řetězců ke dni tisku
letáku 14. 4. 2025. Nelze garantovat,</p>
<p>že cena produktů označených v letáku NEPORAZITELNÉ zůstane nejnižší
po celou dobu platnosti letáku. Více informací na straně 2. •▼ Nejnižší
cena za posledních 30 dní u nás.</p>
<p>17K_Gril_SM_2025_verze_.indb 10</p>
<p>14.04.2025 17:37:42</p>
<p>NEPORAZITELNÉ produkty, jejichž cena byla nejnižší ve srovnání s
cenou uvedenou v letácích vybraných obchodních řetězců ke dni tisku
letáku 14. 4. 2025. Nelze garantovat,</p>
<p>že cena produktů označených v letáku NEPORAZITELNÉ zůstane nejnižší
po celou dobu platnosti letáku. Více informací na straně 2.</p>
<p>•▼ Nejnižší cena za posledních 30 dní u nás.</p>
<p>**</p>
<p>Tato nabídka platí od xxx do xxx 2025.</p>
<hr />
<p>Tato nabídka neplatí pro prodejny xxxxxxxxxxxxx.</p>
<p>Vitana Koření Paprika mletá</p>
<p>•23 g • 100 g = 69,14Kč • vybrané druhy</p>
<p>• 15,90 Kč</p>
<p>19,90</p>
<p>1590</p>
<p>Hellmann‘s</p>
<p>Omáčka k masu</p>
<p>• 250 ml • 100 ml = 19,96Kč</p>
<p>• vybrané druhy e yyOrane druhy</p>
<p>71,90</p>
<ul>
<li></li>
</ul>
<p>30%</p>
<p>4990</p>
<p>Franz Josef</p>
<p>Kaiser olivový olej</p>
<p>• 1 l</p>
<p>349,-</p>
<ul>
<li></li>
<li></li>
</ul>
<p>25%</p>
<p>259</p>
<ul>
<li></li>
</ul>
<p>,</p>
<p>24,90</p>
<ul>
<li></li>
</ul>
<p>20%</p>
<p>1990</p>
<p>Golden stars snack</p>
<p>•70g</p>
<p>• 100g = 28,43 Kč</p>
<p>• vybrané druhy e vybrane druny</p>
<p>19,90</p>
<p>1490</p>
<p><br />
</p>
<p>NEUDUVILE DUI</p>
<p>e syetly lezak e 6x 0,5 |</p>
<p>NAV</p>
<p>ROLE °BaginBox e 31e 11=43,3</p>
<p>100 Vinny dum Bzenec</p>
<p>e@PRanin Bay @ 2] e1) =</p>
<p>© SVEUY LEZAK © OA Ul</p>
<p>e 054-1624 0 HR 32 AB Ki</p>
<p>FRANCOUZSKA</p>
<p>rotor stone</p>
<p>nant Ahmar © vybrane druhy</p>
<p>albert</p>
<p>T O</p>
<p>N E J L E P Š Í N A G</p>
<p>R I L</p>
<p>41,90</p>
<p>2890</p>
<p>Lipton Ice tea</p>
<p>•</p>
<p>1,5l • 1 l = 19,27Kč</p>
<p>• vybrané druhy</p>
<p>• 29,90 Kč</p>
<p>23,90</p>
<p>1590</p>
<p>Cool</p>
<p>• nealkoholické pivo</p>
<p>•</p>
<p>0,5l • 1 l = 31,80Kč</p>
<p>• vybrané druhy</p>
<p>• 16,90 Kč</p>
<p>AŽ</p>
<ul>
<li></li>
</ul>
<p>31 %%</p>
<p>NA VYBRANÁ</p>
<p>FRANCOUZSKÁ</p>
<p>VÍNA</p>
<p>39,90</p>
<ul>
<li></li>
</ul>
<p>17%</p>
<p>3290</p>
<p>Jupí Sirup</p>
<p>•</p>
<p>0,7 l • 1 l= 47Kč</p>
<p>• vybrané druhy</p>
<p>. vybrané druhy E</p>
<p>17,90</p>
<p>1290</p>
<p>Gemerka</p>
<p>• přírodní minerální voda</p>
<p>•</p>
<p>1,5 l • 1 l = 8,60Kč</p>
<p>• vybrané druhy</p>
<p>Happy Day</p>
<p>Džus Jablko</p>
<p>100%</p>
<p>• 1 l</p>
<p>• 39,90 Kč</p>
<p>59,90</p>
<p>3990</p>
<p>Royal Crown</p>
<p>• 1,33 l • 1 l = 22,49Kč</p>
<p>• vybrané druhy</p>
<p>• 29,90 Kč</p>
<p>39,90</p>
<p>2990</p>
<p>• 11,90 Kč</p>
<ul>
<li>HONVE Y</li>
</ul>
<p>Staropramen 12</p>
<p>22,90</p>
<p>• světlý ležák •0,5 l • 1 l = 29,80 Kč</p>
<p>Staropramen 12</p>
<p>e syetlylezak e 0,51 e 11= 29,80 Kc</p>
<p>16,90</p>
<ul>
<li></li>
</ul>
<p>11%</p>
<p>1490</p>
<p>199,-</p>
<p>12990</p>
<p>Vinný dům Bzenec</p>
<p>• Bag in Box • 3 l • 1 l = 43,30Kč</p>
<p>• vybrané druhy</p>
<p>• 129,90 Kč</p>
<p>1590</p>
<p>Starobrno</p>
<p>Medium/</p>
<p>Starobrno BITR</p>
<p>• světlý ležák •0,5 l</p>
<p>• 1 l = 31,80Kč</p>
<p>• 14,90Kč</p>
<p>129,90</p>
<p>8490</p>
<p>De Angeli</p>
<p>Prosecco</p>
<p>Frizzante</p>
<p>• Itálie •0,75 l</p>
<p>• 1 l = 113,20 Kč</p>
<p>• 89,90 Kč</p>
<p>22,90</p>
<p>1590</p>
<p>Mattoni</p>
<p>• ochucená minerální voda • 0,5 l</p>
<h2 id="l-3180kč-vybrané-druhy">• 1 l = 31,80Kč • vybrané druhy</h2>
<p>• 15,90 Kč</p>
<p>e11= 51,80 KC e vybrané druhy</p>
<p>te</p>
<p>41,90</p>
<p>2690</p>
<p>Big Shock!</p>
<p>• energetický nápoj</p>
<p>•</p>
<p>0,5 l • 1 l = 53,80Kč</p>
<p>• 24,90Kč</p>
<p>JA Y váJK</p>
<p>Radegast</p>
<p>Rázná 10 6pack</p>
<p>• světlé výčepní pivo</p>
<p>• 6× 0,5 l • 1 l = 33,30 Kč</p>
<p>•</p>
<p>0,5 l = 16,65Kč</p>
<p>• 99,90 Kč</p>
<p>142,90</p>
<p>12990</p>
<p>1 ks za 16,24 Kč</p>
<p>1ks za 16,24 KC</p>
<p>NOVINKA</p>
<p>NEPORAZITELNÉ produkty, jejichž cena byla nejnižší ve srovnání s
cenou uvedenou v letácích vybraných obchodních řetězců ke dni tisku
letáku 14. 4. 2025. Nelze garantovat,</p>
<p>že cena produktů označených v letáku NEPORAZITELNÉ zůstane nejnižší
po celou dobu platnosti letáku. Více informací na straně 2.•▼ Nejnižší
cena za posledních 30 dní u nás.</p>
<p>17K_Gril_SM_2025_verze_.indb 11</p>
<p>NEPORAZITELNÉ produkty, jejichž cena byla nejnižší ve srovnání s
cenou uvedenou v letácích vybraných obchodních řetězců ke dni tisku
letáku 14. 4. 2025. Nelze garantovat,</p>
<p>že cena produktů označených v letáku NEPORAZITELNÉ zůstane nejnižší
po celou dobu platnosti letáku. Více informací na straně 2.</p>
<p>•▼ Nejnižší cena za posledních 30 dní u nás.</p>
<p>**</p>
<p>Tato nabídka platí od xxx do xxx 2025.</p>
<hr />
<p>Tato nabídka neplatí pro prodejny xxxxxxxxxxxxx.</p>
<p>141,-</p>
<p>9990</p>
<p>1 ks za 16,65 Kč</p>
<p>Krušovice Bohém 8pack</p>
<p>• světlý ležák • 8× 0,5 l</p>
<p>•</p>
<p>0,5 l = 16,24Kč • 1 l= 32,48Kč</p>
<p>• 142,90Kč</p>
<p>v 142 90 KC</p>
<p>11</p>
<p>14.04.2025 17:37:53</p>
<p>NOVINKA</p>
<p>Gordons Gin e 5/5 OO / |</p>
<p>Budvar Výčepní</p>
<p>• světlé výčepní pivo</p>
<p>•</p>
<p>0,5 l • 1 l = 21,80Kč</p>
<p>• záloha na láhev 3 Kč</p>
<p>• 10,90 Kč</p>
<p>17,90</p>
<p>1090</p>
<p>e vybrané druhy</p>
<p>49,90</p>
<p>3990</p>
<p>Coca-Cola/Fanta</p>
<p>• 2 l • 1 l = 19,95Kč</p>
<p>• 39,90 Kč</p>
<p>AUS VPN</p>
<p>e svetly lezák e 6x 0,51</p>
<p>23,04 Kc @ TL</p>
<p>v SKC</p>
<p>Birell e nealkoholické pivo e (51 — “ms LT NAH</p>
<p>DYMYBYL</p>
<p>e 11=3280KC</p>
<p>Gambrinus Patron 12</p>
<p>T O</p>
<p>N E J L E P Š Í N A G</p>
<p>R I L</p>
<p>e svetly lezak e 0,51 e 11= 55,80 KC</p>
<p>SEX DN o Dvnvbvi</p>
<p>NEPORAZITELNÉ</p>
<p>e zäloha na láney 5 KC</p>
<p>e 40%, 35% Honey</p>
<p>o()/leil</p>
<p>712,86 K</p>
<p>Y 549 Kr</p>
<p>-49,90</p>
<ul>
<li></li>
</ul>
<p>-4</p>
<p>20%</p>
<p>3990</p>
<p>Amundsen</p>
<p>Sex on the beach/</p>
<p>Dynybyl Spritz</p>
<p>• 6% • 250 ml • 100 ml = 15,96 Kč</p>
<p>AA</p>
<p>479,-</p>
<ul>
<li></li>
<li></li>
</ul>
<p>31%</p>
<p>329</p>
<ul>
<li><p>Italie e 0 /51e 1!</p></li>
<li></li>
</ul>
<p>,</p>
<p>Y 169 Ke</p>
<p>Absolut Vodka</p>
<p>• 40% •0,7 l</p>
<p>• 1 l = 470Kč</p>
<p>59,90</p>
<p>3990</p>
<p>Granini</p>
<p>• 1 l</p>
<p>• vybrané druhy</p>
<p>• 39,90 Kč</p>
<p>219,-</p>
<p>173</p>
<ul>
<li></li>
</ul>
<p>,</p>
<p>1 ks za 28,84 Kč</p>
<p>Mionetto Prosecco</p>
<p>DOC Treviso Brut</p>
<p>• Itálie •0,75l • 1 l</p>
<p>=</p>
<p>225,34Kč</p>
<p>• 169 Kč</p>
<p>269,</p>
<p>169</p>
<ul>
<li></li>
</ul>
<p>,</p>
<p>NEPORAZITELNÉ produkty, jejichž cena byla nejnižší ve srovnání s
cenou uvedenou v letácích vybraných obchodních řetězců ke dni tisku
letáku 14. 4. 2025. Nelze garantovat,</p>
<p>že cena produktů označených v letáku NEPORAZITELNÉ zůstane nejnižší
po celou dobu platnosti letáku. Více informací na straně 2.•▼ Nejnižší
cena za posledních 30 dní u nás.</p>
<p>17K_Gril_SM_2025_verze_.indb 12</p>
<p>14.04.2025 17:38:03</p>
<p>NEPORAZITELNÉ produkty, jejichž cena byla nejnižší ve srovnání s
cenou uvedenou v letácích vybraných obchodních řetězců ke dni tisku
letáku 14. 4. 2025. Nelze garantovat,</p>
<p>že cena produktů označených v letáku NEPORAZITELNÉ zůstane nejnižší
po celou dobu platnosti letáku. Více informací na straně 2.</p>
<p>•▼ Nejnižší cena za posledních 30 dní u nás.</p>
<p>**</p>
<p>Tato nabídka platí od xxx do xxx 2025.</p>
<hr />
<p>Tato nabídka neplatí pro prodejny xxxxxxxxxxxxx.</p>
<p>24,90</p>
<p>1890</p>
<p>Frisco</p>
<p>• 330 ml</p>
<p>• 100 ml = 5,73Kč</p>
<p>• záloha na láhev 3 Kč</p>
<p>• 19,90Kč</p>
<p>24,90</p>
<p>1690</p>
<p>Velkopopovický Kozel 11/</p>
<p>Gambrinus Patron 12</p>
<p>• světlý ležák •0,5 l • 1 l = 33,80Kč</p>
<p>• 16,90 Kč</p>
<p>479,-</p>
<p>299</p>
<ul>
<li></li>
</ul>
<p>,</p>
<p>Gordon’s Gin</p>
<p>• 37,5% •0,7 l</p>
<p>• 1 l = 427,15Kč</p>
<p>• 319Kč</p>
<p>Birell</p>
<p>• nealkoholické pivo •0,5 l</p>
<p>• 1 l = 37,80Kč</p>
<p>1890</p>
<p>Pilsner Urquell 6pack</p>
<p>• světlý ležák • 6× 0,5 l</p>
<p>•</p>
<p>0,5 l = 28,84Kč • 1 l = 57,67Kč</p>
<p>• 173 Kč</p>
<p>Jack Daniel’s</p>
<p>• 40%, 35% Honey</p>
<p>•</p>
<p>0,7l • 1 l = 712,86Kč</p>
<p>• 549Kč</p>
<p>739,-</p>
<p>499</p>
<p>Viña Tarapacá</p>
<p>• Chile •0,75 l</p>
<p>• 1 l = 133,20 Kč</p>
<p>• 99,90 Kč</p>
<p>209,-</p>
<p>99</p>
<p>90</p>
<ul>
<li></li>
</ul>
<p>,</p>
<ul>
<li></li>
</ul>
</body>
</html>
