<!DOCTYPE html>
<html xmlns="http://www.w3.org/1999/xhtml" lang="" xml:lang="">
<head>
  <meta charset="utf-8" />
  <meta name="generator" content="pandoc" />
  <meta name="viewport" content="width=device-width, initial-scale=1.0, user-scalable=yes" />
  <title>globus</title>
  <style>
    html {
      color: #1a1a1a;
      background-color: #fdfdfd;
    }
    body {
      margin: 0 auto;
      max-width: 36em;
      padding-left: 50px;
      padding-right: 50px;
      padding-top: 50px;
      padding-bottom: 50px;
      hyphens: auto;
      overflow-wrap: break-word;
      text-rendering: optimizeLegibility;
      font-kerning: normal;
    }
    @media (max-width: 600px) {
      body {
        font-size: 0.9em;
        padding: 12px;
      }
      h1 {
        font-size: 1.8em;
      }
    }
    @media print {
      html {
        background-color: white;
      }
      body {
        background-color: transparent;
        color: black;
        font-size: 12pt;
      }
      p, h2, h3 {
        orphans: 3;
        widows: 3;
      }
      h2, h3, h4 {
        page-break-after: avoid;
      }
    }
    p {
      margin: 1em 0;
    }
    a {
      color: #1a1a1a;
    }
    a:visited {
      color: #1a1a1a;
    }
    img {
      max-width: 100%;
    }
    svg {
      height: auto;
      max-width: 100%;
    }
    h1, h2, h3, h4, h5, h6 {
      margin-top: 1.4em;
    }
    h5, h6 {
      font-size: 1em;
      font-style: italic;
    }
    h6 {
      font-weight: normal;
    }
    ol, ul {
      padding-left: 1.7em;
      margin-top: 1em;
    }
    li > ol, li > ul {
      margin-top: 0;
    }
    blockquote {
      margin: 1em 0 1em 1.7em;
      padding-left: 1em;
      border-left: 2px solid #e6e6e6;
      color: #606060;
    }
    code {
      font-family: Menlo, Monaco, Consolas, 'Lucida Console', monospace;
      font-size: 85%;
      margin: 0;
      hyphens: manual;
    }
    pre {
      margin: 1em 0;
      overflow: auto;
    }
    pre code {
      padding: 0;
      overflow: visible;
      overflow-wrap: normal;
    }
    .sourceCode {
     background-color: transparent;
     overflow: visible;
    }
    hr {
      border: none;
      border-top: 1px solid #1a1a1a;
      height: 1px;
      margin: 1em 0;
    }
    table {
      margin: 1em 0;
      border-collapse: collapse;
      width: 100%;
      overflow-x: auto;
      display: block;
      font-variant-numeric: lining-nums tabular-nums;
    }
    table caption {
      margin-bottom: 0.75em;
    }
    tbody {
      margin-top: 0.5em;
      border-top: 1px solid #1a1a1a;
      border-bottom: 1px solid #1a1a1a;
    }
    th {
      border-top: 1px solid #1a1a1a;
      padding: 0.25em 0.5em 0.25em 0.5em;
    }
    td {
      padding: 0.125em 0.5em 0.25em 0.5em;
    }
    header {
      margin-bottom: 4em;
      text-align: center;
    }
    #TOC li {
      list-style: none;
    }
    #TOC ul {
      padding-left: 1.3em;
    }
    #TOC > ul {
      padding-left: 0;
    }
    #TOC a:not(:hover) {
      text-decoration: none;
    }
    code{white-space: pre-wrap;}
    span.smallcaps{font-variant: small-caps;}
    div.columns{display: flex; gap: min(4vw, 1.5em);}
    div.column{flex: auto; overflow-x: auto;}
    div.hanging-indent{margin-left: 1.5em; text-indent: -1.5em;}
    /* The extra [class] is a hack that increases specificity enough to
       override a similar rule in reveal.js */
    ul.task-list[class]{list-style: none;}
    ul.task-list li input[type="checkbox"] {
      font-size: inherit;
      width: 0.8em;
      margin: 0 0.8em 0.2em -1.6em;
      vertical-align: middle;
    }
    .display.math{display: block; text-align: center; margin: 0.5rem auto;}
  </style>
</head>
<body>
<header id="title-block-header">
<h1 class="title">globus</h1>
</header>
<p>Ceskó potravina</p>
<p>Dobře, analyzuji obrázek.</p>
<p>Obrázek je leták hypermarketu Globus Brno s nabídkou zlevněných
produktů. Obsahuje širokou škálu zboží od masných výrobků, mléčných
výrobků, pečiva, nápojů, drogerie až po prací prášky.</p>
<p><strong>Zlevněné/Výhodné produkty:</strong></p>
<ul>
<li><strong>Špekáčky Globus:</strong> Původní cena 13,90 Kč, nyní 9,90
Kč.</li>
<li><strong>Mléko trvanlivé:</strong> Původní cena 21,90 Kč, zlevněno o
45 % na 11,90 Kč.</li>
<li><strong>Croissant:</strong> Původní cena 29,90 Kč, zlevněno o 26 %
na 21,90 Kč.</li>
<li><strong>Pilsner Urquell:</strong> 0,5l láhev, 25,90 Kč (bez uvedení
původní ceny).</li>
<li><strong>Rajčata cherry:</strong> 39,90 Kč/kg (bez uvedení původní
ceny).</li>
<li><strong>Persil:</strong> 4,399 Kč/ks (balení 10 dávek). Zlevněno o
38 %.</li>
<li><strong>Král šunek:</strong> 149,90 Kč/kg (bez uvedení původní
ceny).</li>
<li><strong>Zeměbaba:</strong> 139,90 Kč/kg (bez uvedení původní
ceny).</li>
<li><strong>Olej slunečnicový Globus:</strong> 49,90 Kč/1l (bez uvedení
původní ceny).</li>
<li><strong>Papírové utěrky:</strong> 79,90 Kč/2vrstvý balíček (bez
uvedení původní ceny).</li>
<li><strong>Toaletní papír:</strong> 114,90 Kč/8 rolí (bez uvedení
původní ceny).</li>
</ul>
<p><strong>Text na letáku:</strong></p>
<ul>
<li><strong>Globus Brno:</strong> Označení hypermarketu a města.</li>
<li><strong>Sběrejte věrnostní body:</strong> Informace o věrnostním
programu.</li>
<li><strong>Týdny skvělých cen:</strong> Hlavní slogan propagační
akce.</li>
<li><strong>Platnost:</strong> Akce platí od 23.4. do 29.4. 2023.</li>
<li><strong>Informace o cenách:</strong> U některých produktů je uvedena
původní cena s přeškrtnutím a nová zlevněná cena.</li>
<li><strong>Odměna věrnostním programem:</strong> Možnost získat slevu
až 60 % za věrnostní body.</li>
</ul>
<p>Je to typický reklamní leták hypermarketu s nabídkou zlevněných
produktů a informacemi o věrnostním programu.</p>
<p>y bIDDUSU</p>
<p>Obrázek zobrazuje grafiku ve stylu vývěsní tabule z hypermarketu,
která naznačuje zlevněný nebo výhodný produkt.</p>
<p>Dominantním prvkem je bílý obrys prasátka (pokladničky) umístěný na
bílém štítu. Nad prasátkem je nakreslen bílý kruh, který symbolizuje
minci. Celé je to na červeném pozadí.</p>
<p>Cena produktu je 6,00 Kč. Číslo “6” je zobrazeno v běžné velikosti,
zatímco desetinná místa “00” jsou napsána menším fontem, což je běžný
způsob značení cen v České republice.</p>
<p>Obrázek tedy představuje nabídku produktu za cenu 6,00 Kč.</p>
<p>Na obrázku je balení polotučného mléka “Váš výběr” o objemu 1 litr.
Produkt je v akci, původní cena byla 23,90 Kč a nyní je zlevněný na
18,90 Kč. Zlevnění činí 20 %. Pod cenou je nápis “Nové v Globusu”.</p>
<p>Na obrázku je vidět zlevněný produkt s nápisem “AKCE!”. Původní cena
je vyškrtnutá a činila 29,90 Kč. Nová, zlevněná cena je 20,90 Kč. Uvádí
se sleva 30%.</p>
<p>150 a</p>
<p>Jeden Tag</p>
<p>Bageta k dopečení</p>
<p>2 druhy</p>
<p>175 g</p>
<p>100 g = 11,94</p>
<p>100 q = 1527</p>
<p>Na obrázku je obal bagety značky „Bakery Trady“. Na obalu je
vyobrazen řezaná bageta posypaná zelení. V horní části je nápis „Bakery
Trady“ v rukopisném stylu. Pod tím je nápis „Bagutte“, pod tím je text v
menším fontu. V pravém horním rohu je zelený štítek s textem „Slevo“.
Cena není vidět.</p>
<ul>
<li></li>
</ul>
<p>2890</p>
<p>23</p>
<h2 id="jeden-tag-mozzarella-minis">Jeden Tag Mozzarella Minis</h2>
<p>17%</p>
<p>125 g</p>
<p>100 g = 19,12</p>
<p>90</p>
<p>Obrázek zobrazuje dva kelímky s mozzarellou Minis od výrobce Jeden
Tag. Kelímky jsou červeno-bílé s modrým pruhem. Na přední straně je
nápis “Jeden Tag”, pod ním “Mozzarella Minis”. Níže je uvedena hmotnost
125 g. V modrém pruhu je uvedeno “41,5% Fett i.Tr.”, což znamená obsah
tuku v produktu. Na obrázku je zobrazeno složení produktu s rajčaty,
bazalkou a olivami. Jedná se o zlevněný/výhodný produkt z hypermarketu.
Cena není uvedena.</p>
<p>100 g = 2995</p>
<p>Na obrázku je balení špekáčků “Váš výběr” o hmotnosti 600 gramů.
Původní cena je 89,90 Kč, nyní je produkt ve slevě 22 % a cena je 69,90
Kč. Uvedeno je, že špekáčky obsahují 85 % masa. Cena za 100 gramů je
11,65 Kč. V levém dolním rohu je zelený štítek “NOVĚ v Globusu”.</p>
<p>Na obrázku je balení vafle z vajec značky My Price o hmotnosti 250 g.
Původní cena byla 36,90 Kč, nyní je produkt ve slevě -10 % a cena je
32,90 Kč. Cena za 100 g je 13,16 Kč.</p>
<p>ug</p>
<p>100 g = 19,95</p>
<p>Na obrázku je zlevněná smetana ke šlehání značky “Váš výběr”.</p>
<p><strong>Popis produktu:</strong></p>
<ul>
<li><strong>Název:</strong> Čerstvá smetana ke šlehání</li>
<li><strong>Značka:</strong> Váš výběr</li>
<li><strong>Obsah:</strong> 250 ml</li>
<li><strong>Obsah tuku:</strong> 33 %</li>
<li><strong>Cena:</strong> Původní cena 38,90 Kč, snížena o 30 % na
26,90 Kč.</li>
<li><strong>Cena za 100 ml:</strong> 10,76 Kč.</li>
<li><strong>Označení:</strong> “Nové v Globusu”</li>
</ul>
<p>Na obrázku je vyobrazen bílý karton se smetanou a červeně zvýrazněná
informace o slevě. V rohu je vlajka České republiky.</p>
<p>Obrázek zobrazuje balíček zlevněných tavených plátků sýra “Jeden
Tag”.</p>
<p><strong>Popis produktu:</strong></p>
<ul>
<li><strong>Název:</strong> Jeden Tag, Tavené plátky, Toast,
Cheddar</li>
<li><strong>Hmotnost:</strong> 250 g</li>
<li><strong>Původní cena:</strong> 49,90 Kč</li>
<li><strong>Zlevněná cena:</strong> 37,90 Kč</li>
<li><strong>Sleva:</strong> 24 %</li>
<li><strong>Cena za 100 g:</strong> 15,16 Kč</li>
</ul>
<p><strong>Text na obalu:</strong> Na obalu je napsáno
“Schmelzkäsescheiben” - německy “tavené plátky sýra”. Dále je uvedeno
“35% Fett i.Tr.” což znamená obsah tuku a “10 Scheiben, einzeln
verpackt” - 10 plátků, jednotlivě baleno.</p>
<p>Na obrázku je zlevněný produkt. Původní cena je 34,90 Kč, která je
přeškrtnutá. Nová cena je 23,90 Kč. Sleva činí 31 %. Text “AKCE!”
upozorňuje na výhodnou nabídku.</p>
<p>VÁŠ VÝBĚR</p>
<p>Sýrové nitě</p>
<p>uzené, neuzené</p>
<p>100 g</p>
<p>Obrázek zobrazuje balení sýrových nití. Na přední straně je oranžové
pole s nápisem “SYROVÉ NITĚ NEUZENÉ”. Pod ním je fotografie sýrových
nití. V pravém horním rohu jsou loga několika zemí (Švédsko, Norsko,
Dánsko, Finsko, Česká republika). Na spodní části obalu je uvedeno
složení, výživové hodnoty a další informace o výrobku. Cena není na
obrázku viditelná.</p>
<p>Na obrázku je balení uzeného syrového nitkového sýru. Na horní části
balení je nápis “SYROVÉ NITÉ UZENÉ” zlatými písmeny na červeném pozadí.
Pod tím je vyobrazen samotný sýr - dlouhé, tenké nitky. Na pravé straně
jsou tři vlajky - francouzská, italská a česká, což naznačuje původ nebo
inspiraci recepturou. Na spodní části je množství sýru – 150 g. Níže
jsou uvedeny nutriční hodnoty, složení a informace o výrobci a
uchovávání. Cena není na obrázku vidět.</p>
<p>Obrázek zobrazuje cenovku s informací o slevě na nějaký produkt.
Původní cena produktu je 23,90 Kč, která je přeškrtnutá. Nová, snížená
cena je 19,90 Kč. Výše slevy je 16 %. Cenovka je barevně řešena v
červené a bílé barvě, což má upoutat pozornost zákazníka. Text „AKCE!“
signalizuje výhodnou nabídku.</p>
<p>VÁŠ VÝBĚR</p>
<p>Paštika různé druhy</p>
<p>150 g</p>
<p>100 g = 13,27</p>
<p>Obrázek zachycuje kelímek s paštikou s brusinkami.</p>
<p><strong>Popis produktu:</strong></p>
<ul>
<li><strong>Název:</strong> Paštika s brusinkami</li>
<li><strong>Hmotnost:</strong> 150g</li>
<li><strong>Výrobce/Značka:</strong> “Váš výběr” - je to značka
hypermarketu Albert.</li>
<li><strong>Doplněk:</strong> Na obalu je uvedeno “Super akce” a je
podtrženo, což naznačuje zlevněnou cenu.</li>
</ul>
<p><strong>Text na obalu:</strong></p>
<ul>
<li>“Váš výběr” - značka produktu.</li>
<li>“Paštika s brusinkami” - název produktu.</li>
<li>“150g” - hmotnost produktu.</li>
<li>“Super akce” – informace o zlevněné ceně.</li>
</ul>
<p>Obrázek zachycuje zlevněnou zmrzlinu značky Jeden Tag. Jedná se o
balení o objemu 2,5 litru, dostupné v různých příchutích.</p>
<p><strong>Textový popis:</strong></p>
<ul>
<li><strong>“AKCE!”</strong>: Označuje, že se jedná o akční
nabídku.</li>
<li><strong>“109,90”</strong>: Původní cena produktu.</li>
<li><strong>“89,90”</strong>: Nová, zlevněná cena produktu.</li>
<li><strong>“-18%”</strong>: Velikost slevy.</li>
<li><strong>“Jeden Tag Zmrzlina”</strong>: Název a typ produktu.</li>
<li><strong>“různé druhy”</strong>: Zmrzlina je dostupná v různých
příchutích.</li>
<li><strong>“2,5 l”</strong>: Objem zmrzliny.</li>
<li><strong>“1 l = 35,96”</strong>: Cena za 1 litr zmrzliny.</li>
<li><strong>“Bourbon Vanilleeis”</strong>: Název konkrétní příchutě
(Bourbon vanilková zmrzlina).</li>
</ul>
<p>Obrázek zachycuje reklamní cedulku s informací o slevě na
produkt.</p>
<ul>
<li><strong>Původní cena:</strong> 16,90 Kč (zobrazeno
přeškrtnuté).</li>
<li><strong>Nová cena:</strong> 13,90 Kč (zobrazeno výrazně).</li>
<li><strong>Sleva:</strong> 17 % (zobrazeno v kruhovém rámečku).</li>
<li><strong>Text:</strong> “AKCE!” – nápis signalizuje, že se jedná o
dočasnou nabídku.</li>
</ul>
<h2 id="váš-výběr-kefírové-mléko">VÁŠ VÝBĚR Kefírové mléko</h2>
<p>jahodové, meruňkové</p>
<p>450 ml</p>
<p>100 ml = 3,09</p>
<p>Kefírové mléko nízkotučné 500 g za 12,90</p>
<ul>
<li></li>
</ul>
<p>5290</p>
<p>Obrázek zobrazuje balení kefírového mléka značky VITA s příchutí
jahod. Balení má hmotnost 450g. Na přední straně balení je červený pruh
a obrázek jahod. V levém horním rohu je štítek s nápisem “Česká
potravina”. V dolní části je vidět vlajka České republiky a logo “made
in Czech republic”.</p>
<p>Jeden Tag</p>
<p>Tvarůžky různé druhy</p>
<p>39</p>
<p>200 g</p>
<p>100 g = 19,95</p>
<p>90</p>
<p>Na obrázku je balení sýra Harzer Roller. Balení má červenou barvu s
bílým pruhem, kde je napsáno “Harzer Roller”. V levém horním rohu je
nápis “Jeden Tag” (jeden den), což pravděpodobně značí datum spotřeby
nebo čerstvost. Vpravo nahoře je nápis “Classic”. V zeleném štítku je
nápis “Grüne Schickeria” (Zelená šikana) a šipka směřující dolů, což
naznačuje slevu. Na pravé straně je uvedena hmotnost 200 g a symbol
recyklace.</p>
<p>Cena na obrázku není uvedena, takže ji nemohu určit.</p>
<p>Na obrázku je balíček zlevněné dušené šunky “Váš výběr” o hmotnosti
100 g.</p>
<p>Text na obrázku:</p>
<ul>
<li><strong>AKCE!</strong> - Označuje, že se jedná o akční zboží.</li>
<li><strong>-30%</strong> - Označuje výši slevy, což je 30 %.</li>
<li><strong>22,90</strong> - Původní cena produktu.</li>
<li><strong>15,90</strong> - Cena po slevě.</li>
<li><strong>Váš výběr</strong> - Název značky.</li>
<li><strong>Šunka dušená výběrová</strong> - Název produktu.</li>
<li><strong>Veplová kýta 85 %</strong> - Složení šunky (obsah vepřového
masa).</li>
<li><strong>100g</strong> - Hmotnost šunky.</li>
</ul>
<p>Produkt je balen v průhledném obalu, takže je vidět maso uvnitř.</p>
<p>Na obrázku je zlevněný výrobek, konkrétně „Váš výběr - Vysokočina“.
Jedná se o masný výrobek, zřejmě polský salám, balený do průhledné
fólie.</p>
<p><strong>Popis:</strong></p>
<ul>
<li><strong>Výrobek:</strong> Polský salám „Vysokočina“</li>
<li><strong>Množství:</strong> 100 g</li>
<li><strong>Původní cena:</strong> 23,90 Kč</li>
<li><strong>Sleva:</strong> 29 %</li>
<li><strong>Nová cena:</strong> 16,90 Kč</li>
<li><strong>Označení:</strong> „Váš výběr“ (logo a text)</li>
</ul>
<p>Na obalu je uveden text “Pro 100g výrobku bylo použito 150g
masa”.</p>
<ul>
<li></li>
</ul>
<p>7690</p>
<p>22%</p>
<p>59</p>
<p>90</p>
<p>VÁŠ VÝBĚR Kešu ořechy jádra nepražená 200 g 100 g = 29,95</p>
<p>Na obrázku je obal na kešu ořechy. Jsou to nepražené jádra kešu. Obal
je modrý s nápisem “KEŠU OŘECHY JÁDRA NEPRAŽENÁ” bílým písmem. V levém
horním rohu je logo “Váš výběr”. V dolní části obalu je uvedena hmotnost
200 g. Cena není na obrázku viditelná.</p>
<p>24%</p>
<p>Obrázek zobrazuje výhodný/zlevněný produkt označený červeným štítkem.
Na štítku je bílá ilustrace prasátka s mincí nahoře. Štítek signalizuje,
že produkt je nabízen za sníženou cenu a uspořené peníze lze vnímat jako
uložení do prasátka. Cena není uvedena.</p>
<p>36</p>
<p>90</p>
<p>VÁŠ VÝBĚR</p>
<p>Kečup jemný, ostrý</p>
<p>1 kg</p>
<p>VAS VYBER</p>
<p>Na obrázku je plastová láhev s kečupem. Na etiketě je napsáno “XXL” a
pod tím logo “VAS Vyber”. Dále je na etiketě napsáno “Kečup jemný” a pod
tím je vyobrazeno několik rajčat. Na spodní straně etikety je uvedena
hmotnost “1000g”. Jedná se o výhodné balení kečupu, které je
pravděpodobně v akci. Cena produktu není uvedena.</p>
<p>Obrázek zobrazuje balíček piškotů značky Váš výběr o hmotnosti 240
g.</p>
<p><strong>Text na obrázku:</strong></p>
<ul>
<li><strong>Váš výběr:</strong> Značka produktu.</li>
<li><strong>Piškoty:</strong> Název produktu.</li>
<li><strong>240 g:</strong> Hmotnost produktu.</li>
<li><strong>100 g - 8,71:</strong> Cena za 100 g.</li>
<li><strong>AKCE! -22%:</strong> Označuje slevu ve výši 22 %.</li>
<li><strong>26,90</strong> Původní cena</li>
<li><strong>20,90</strong> Sleva cena</li>
<li><strong>NOVÉ v Globusu:</strong> Reklamní text.</li>
</ul>
<p>Obrázek zachycuje propagační cenu produktu v hypermarketu. Původní
cena je přeškrtnutá a činila 51,90 Kč. Nyní je produkt nabízen za 39,90
Kč, což představuje slevu 23 %. Text „AKCE!“ upozorňuje na výhodnou
nabídku.</p>
<p>Jeden Tag Tortilla Chips různé druhy 300 g 100 g = 13,30</p>
<p>Na obrázku je balení tortilla chips “Jeden Tag” ve výrazné červené
barvě. Balení obsahuje obrázek chipsů a malé misky s omáčkou.</p>
<p>Text na obalu:</p>
<ul>
<li><strong>Tortilla Chips:</strong> Název produktu.</li>
<li><strong>Jeden Tag:</strong> Značka produktu.</li>
<li><strong>19,92 Kč:</strong> Cena produktu, kde “92” je zapsáno menším
fontem.</li>
<li><strong>300g:</strong> Hmotnost produktu.</li>
</ul>
<p>Obrázek zachycuje cenovku zlevněného produktu. Původní cena je 14,90
Kč, která je přeškrtnutá. Nová cena je 10,90 Kč. Slevu indikuje červený
kruh s nápisem “-26%”. Nahoře je nápis “AKCE!”.</p>
<p>My Price</p>
<p>Vatové tyčinky</p>
<p>160 ks</p>
<p>1 ks = 0,07</p>
<p>Obrázek zobrazuje balení vatových tyčinek značky “My Price”. Balení
je bílé s červeným pruhem a nápisem “My Price” v červeném a bílém písmu.
Pod tím je nápis “Cotton buds” a pod ním přeloženo do několika jazyků:
“Vatové tyčinky”, “Cotons-tiges”, “Wattenstaafjes”. Cena není na obrázku
vidět.</p>
<p>Obrázek zobrazuje cenovku z hypermarketu s informací o slevě.</p>
<ul>
<li><strong>Text:</strong> “AKCE!”, “-10%”</li>
<li><strong>Původní cena:</strong> 19,90 Kč (vyznačená
přeškrtnutím)</li>
<li><strong>Snížená cena:</strong> 17,90 Kč (větším a výraznějším
písmem)</li>
</ul>
<p>Z obrázku vyplývá, že se jedná o produkt, na který je poskytována
sleva 10 %, čímž se snížila cena z 19,90 Kč na 17,90 Kč.</p>
<p>La Ligne Sprchový gel různé druhy 300 ml 100 ml = 5,97</p>
<p>Na obrázku je láhev sprchového gelu Wellness od značky Isana. Láhev
je červené barvy a zobrazuje grapefruit.</p>
<p>Na štítku je napsáno:</p>
<ul>
<li><strong>Isana</strong> - značka produktu</li>
<li><strong>WELLNESS</strong> - označení řady</li>
<li><strong>DUSCHGEL</strong> - německé slovo pro sprchový gel</li>
<li><strong>Granatapfel</strong> - německé slovo pro granátové
jablko</li>
<li>Pod textem je ještě nápis, který je však nečitelný, pravděpodobně se
jedná o popis vůně nebo složení.</li>
</ul>
<p>Produkt je pravděpodobně nabízen v hypermarketu, jako je Kaufland
(který je spojen se značkou Isana). Cena není na obrázku uvedena.</p>
<p>12 90</p>
<h2 id="váš-výběr-těstoviny">VÁŠ VÝBĚR Těstoviny</h2>
<p>z měkké pšenice, různé druhy</p>
<p>500 g</p>
<p>100 g = 2,58</p>
<p>10 90</p>
<p>VÁŠ VÝBĚR</p>
<p>Hořčice plnotučná</p>
<p>400 g</p>
<p>100 g = 2,73</p>
<p>Na obrázku je balení těstovin Kolínka o hmotnosti 500 gramů. Balení
je červené s zeleným pruhem. V zeleném pruhu je bílým písmem napsáno
“Kolínka”. V horní části obalu je logo “Váš výběr”. V dolní části je
uvedena hmotnost “500g e”. Celkově se jedná o produkt nabízený v
hypermarketu, pravděpodobně za zvýhodněnou cenu, což naznačuje logo “Váš
výběr”.</p>
<p>Na obrázku je nádoba s hořčicí značky „Váš výběr“. Balení má červenou
etiketu se žlutým podkladem. Na etiketě je napsáno:</p>
<ul>
<li><strong>Váš výběr</strong> - označení značky.</li>
<li><strong>Hořčice plnotučná</strong> - typ produktu.</li>
<li><strong>400 g</strong> - množství produktu.</li>
<li><strong>100 g = 15,3 Kč</strong> - cena za 100 gramů hořčice.</li>
</ul>
<p>Produkt je pravděpodobně nabízen v hypermarketu jako výhodné
balení.</p>
<p>Na obrázku je reklama na zlevněný produkt. Původní cena produktu byla
44,90 Kč, nyní je zlevněna na 39,90 Kč. Sleva činí 11%.</p>
<p>Jeden Tag Kulaté oplatky mléčná čokoláda 144 g 100 g = 27,71</p>
<p>Obrázek zachycuje balení sušenek Choco Wafer od výrobce Jeden Tag.
Balení je červené a obsahuje motiv rozteklé čokolády. Na přední straně
je vyobrazeno několik sušenek Choco Wafer.</p>
<p>Text na obalu:</p>
<ul>
<li><strong>Jeden Tag</strong> - Název výrobce/značky.</li>
<li><strong>Choco Wafer</strong> - Název produktu.</li>
<li><strong>6x</strong> - Označuje počet kusů v balení.</li>
<li><strong>144g e</strong> - Váha produktu v gramech.</li>
<li><strong>e</strong> - Indikátor nominálního množství.</li>
<li><strong>144g e x 24g e</strong> - Celková hmotnost balení a váha
jedné sušenky.</li>
</ul>
<p>Produkt je zlevněný/výhodný, pravděpodobně se jedná o balení, které
obsahuje více kusů za zvýhodněnou cenu.</p>
<p>Obrázek zachycuje reklamní štítek s výraznou cenovkou.</p>
<p><strong>Popis:</strong> Štítek je bílý s červeným rámem a nápisem
“VYHODNĚ!” nahoře. Pod tím je velkým červeným písmem uvedena cena
“19⁹⁰”. Menší font u čísla 90 naznačuje desetinná místa. Na spodním
okraji štítku je řada symbolů procent (%) - pravděpodobně označující
procentuální slevu.</p>
<p><strong>Význam:</strong> Štítek má za cíl upoutat pozornost zákazníků
a signalizovat výhodnou cenu produktu. Cena 19,90 Kč naznačuje, že se
jedná o akční nabídku.</p>
<p>VÁŠ VÝBĚR</p>
<p>Papírové kapesníky</p>
<p>4vrstvé 10x 10 ks</p>
<p>1 ks = 0,20</p>
<p>Obrázek zobrazuje balení papírových kapesníků značky “Vas”, které
jsou označeny jako “4vrstvé”. Kapesníky mají na obalu motiv květin a
sněhových vloček.</p>
<p>Na obalu jsou vidět dva štítky s informacemi:</p>
<ul>
<li><strong>Štítek “4vrstvé”</strong> upozorňuje na kvalitu a tloušťku
kapesníků.</li>
<li><strong>Štítek s nápisem “009”</strong> a logem, které připomíná
slevový kupon nebo cenu. Zdá se, že se jedná o nějakou akci nebo slevu,
ale konkrétní hodnota ceny není čitelná.</li>
</ul>
<p>Obrázek zobrazuje informační štítek s akční cenou produktu v
hypermarketu.</p>
<p>Původní cena produktu byla 57,90 Kč, což je přeškrtnuté. Nová akční
cena je 39,90 Kč.</p>
<p>Vedle ceny je červeně zvýrazněné označení slevy -31%. Slovo “AKCE!”
je napsáno v horní části štítku.</p>
<p>OHO</p>
<p>Letní směs do ostřikovačů</p>
<ul>
<li><p>PET</p></li>
<li><p>s vůní</p></li>
<li><p>obsahuje povrchově aktivní látky, které zaručují snadné
odstranění nečistot 5 l</p></li>
</ul>
<p>1 l = 7,98</p>
<p>Na obrázku je plastová lahev s žlutou tekutinou, pravděpodobně s
leštidlem do auta. Lahev má modrý štítek s nápisem “Lestišměs do
ostřikovačů”.</p>
<p>Na štítku je dále napsáno: * “Koncentrát do ostřikovačů” * “Vysoce
účinné složení pro perfektní čistotu” * Dále se tam vyskytuje seznam
složek a varovné symboly. * Cena produktu je 51 Kč.</p>
<p>Jeden Tag Ovesné vločky jemné, hrubé 500 g 100 g = 2,98</p>
<p>Obrázek zobrazuje zlevněný/výhodný produkt z hypermarketu.</p>
<p><strong>Popis:</strong></p>
<ul>
<li><strong>Design:</strong> Jedná se o červenou cedulku s bílým
vnitřkem.</li>
<li><strong>Text:</strong> Na cedulce je nápis “VYHODNĚ!”. Pod ním je
velkým červeným písmem napsána cena “14⁹⁰”. Malým písmem je napsáno “⁹⁰”
což značí haléře. Celková cena tedy činí 14,90 Kč.</li>
</ul>
<p>Celkově se jedná o reklamu, která má upozornit na výhodnou cenu
produktu.</p>
<p>26 90</p>
<h2 id="váš-výběr-okurky">VÁŠ VÝBĚR Okurky</h2>
<p>ve sladkokyselém nálevu,</p>
<p>6-9 cm</p>
<p>670 g, p. p. 360 g</p>
<p>100 g = 7,47</p>
<p>Obrázek ukazuje cenovku s nápisem “VYHODNĚ!”. Cena je zobrazena
červeným písmem a činí 28,90 Kč. Zřejmě se jedná o akční cenu nějakého
produktu v hypermarketu.</p>
<p>Konzerva pro psy různé druhy 1240 g 100 g = 2,33</p>
<p>Obrázek ukazuje balíček ovesných vloček “Jeden Tag” o hmotnosti 500
gramů. Balení je červené s modrým pruhem. Na přední straně je vyobrazen
miska s ovesnými vločkami a mlékem.</p>
<p><strong>Text na obalu:</strong></p>
<ul>
<li><strong>Jeden Tag:</strong> Název značky.</li>
<li><strong>Haferflocken:</strong> Německý výraz pro ovesné vločky.</li>
<li><strong>500 g e:</strong> Hmotnost produktu (500 gramů) a údaj “e”
značí, že se jedná o evropskou jednotku měření.</li>
</ul>
<p>Cena není na obrázku zřejmá, ale modrý štítek naznačuje
zlevněný/výhodný produkt.</p>
<p>Na obrázku je sklenice nakládaných okurek ve slaném nálevu.</p>
<p>Na štítku je napsáno:</p>
<ul>
<li><strong>VAS Vyber</strong> – značka produktu.</li>
<li><strong>OKURKY</strong> – název produktu.</li>
<li><strong>VE SLANÉM NÁLEVU</strong> – druh okurek.</li>
<li><strong>570 g</strong> – hmotnost okurek ve sklenici.</li>
<li><strong>6-9 cm</strong> - délka okurek.</li>
</ul>
<p>Na štítku je také text v menším fontu, pravděpodobně složení a
nutriční hodnoty.</p>
<p>Na obrázku je plechovka s krmivem pro psy.</p>
<p><strong>Popis produktu:</strong></p>
<ul>
<li><strong>Název:</strong> Kousky s kuřecím v omáčce</li>
<li><strong>Hmotnost:</strong> 1240g</li>
<li><strong>Výhoda/Zlevněno:</strong> Na plechovce je viditelný štítek
“Dvojité balení, větší úspora”.</li>
<li><strong>Obrázek:</strong> Na plechovce je obrázek psa, pravděpodobně
rotvajlera.</li>
<li><strong>Značka/Kvalita:</strong> Na plechovce je grafika s tlapkami
a text “Vysoce kvalitní krmivo pro vašeho psa”.</li>
<li><strong>Cena:</strong> Cena není viditelná, ale jde o
zlevněný/výhodný balíček.</li>
</ul>
<p>Obrázek zachycuje balení toaletního papíru značky “Váš výběr”. Balení
obsahuje 8 rolí 4vrstvého papíru.</p>
<p><strong>Text na obrázku:</strong></p>
<ul>
<li><strong>“VÝHODNĚ!”</strong> - upozornění na výhodnou cenu.</li>
<li><strong>“59,90”</strong> - cena celého balení v českých korunách
(Kč).</li>
<li><strong>“Váš výběr”</strong> - název produktu/značky.</li>
<li><strong>“Toaletní papír”</strong> - druh produktu.</li>
<li><strong>“4vrstvý”</strong> - udává počet vrstev toaletního
papíru.</li>
<li><strong>“8 rolí”</strong> - množství rolí v balení.</li>
<li><strong>“1 role = 7,49”</strong> - cena jedné role.</li>
</ul>
<p>Balení má růžový design s bílými květinovými motivy. Celkově jde o
reklamní snímek produktu nabízeného ve zlevněné akci.</p>
<p>169 90</p>
<p>OHO</p>
<p>Povlečení</p>
<ul>
<li><p>rozměr: 70 x 90</p></li>
<li><p>140 x 200 cm</p></li>
<li><p>různé dezény</p></li>
</ul>
<p>Obrázek zobrazuje logo hypermarketu OBI s barevným pozadím. Logo je
žluté a nese bílý text “OBI”. Pozadí tvoří abstraktní skvrny v různých
barvách - zelené, růžové, modré a fialové. Obrázek pravděpodobně slouží
jako vizuální prvek pro propagaci slev nebo výhodných nabídek v obchodě
OBI.</p>
<p>Na obrázku je vyobrazen povlečení s motivem listí. Povlečení má
světle šedou barvu s tmavě šedými listy. Na posteli je rozložené
povlečení a na pozadí je vidět pokoj s rostlinami a vázou.</p>
<p>Na obrázku je také text, který hlásí: <strong>“SLEVA 30%”</strong>
<strong>“299,90 Kč”</strong></p>
<p>Jedná se tedy o povlečení ve slevě za cenu 299,90 Kč.</p>
<p>Obrázek zobrazuje logo hypermarketu Globus. Slovo “Globus” je napsáno
výrazným oranžovým písmem s bílým obrysem a je obklopeno zeleným oválným
rámem s globusem uvnitř. Z loga se dá usoudit, že jde o reklamu nebo
označení zboží v prodeji v síti hypermarketů Globus. Z obrázku nelze
zjistit konkrétní zlevněný produkt ani jeho cenu.</p>
<p>Na obrázku je zlevněný produkt. Původní cena byla 63,90 Kč, nyní je
zlevněna na 52,90 Kč. Zlevnění činí 17 %. Text “AKCE!” upozorňuje na
výhodnou nabídku.</p>
<p>Globus Camembert 45 % t. v s. 250 g 100 g = 21,16</p>
<p>Na obrázku je kruhová krabička se sýrem Camembert. Krabička je modrá
s bílým podkladem, na kterém je nápis “Camembert” elegantním písmem. Pod
nápisem je uvedeno “45% Fett i.Tr.”, což znamená obsah tuku 45%. V levém
dolním rohu je logo s třemi barvami (zelená, bílá, červená) a nápisem
“Produit de France”. Uprostřed krabičky je ilustrace ženy v tradičním
oblečení, která strouhá sýr. Po obvodu krabičky je opakovaně nápis
“Produit en France”, což znamená “Vyrobeno ve Francii”. Na horním okraji
krabičky je malý štítek s logem a nápisem. Celkově se jedná o sýr
Camembert, pocházející z Francie, označený jako výhodný/zlevněný produkt
(pravděpodobně v hypermarketu). Cena na obrázku není uvedena.</p>
<p>Obrázek zobrazuje cenovku s akcí na produkt v hypermarketu. Původní
cena produktu byla 69,90 Kč, která je přeškrtnutá. Nová, zlevněná cena
je 49,90 Kč. V kruhu je uvedena sleva -28%. Celkový dojem je, že se
jedná o propagační štítek upozorňující na zlevněný produkt.</p>
<p>Globus</p>
<p>Džem různé druhy</p>
<p>340 g</p>
<p>100 g = 14,68</p>
<p>Na obrázku je sklenice s jahodovou marmeládou nebo džemem.</p>
<p>Text na štítku zní: <strong>Konfitüre ERDBEERE</strong> (německy,
znamená “Marmeláda Jahody”). Pod tím je nápis <strong>30%
FRUCHT</strong> (30% ovoce).</p>
<p>Bohužel obrázek neobsahuje žádnou informaci o ceně v Kč.</p>
<p>Obrázek zachycuje cenovku zlevněného produktu. Původní cena je 39,90
Kč, která je přeškrtnutá. Nová cena je 32,90 Kč. Sleva činí 17 %.</p>
<p>Globus Piškoty cukrářské 200 g 100 g = 16,45</p>
<p>Na obrázku je balení sušenek Loeffel Biscuits. Balení je modrozelené
s oranžovými sušenkami na jedné straně a s portrétem muže v rámečku na
straně druhé. Na popředku jsou tři sušenky a uprostřed je malý obrázek
dvou ptáků.</p>
<p>Na balení je nápis „Loeffel Biscuits“ s poznámkou „ochutnaten red“
(pravděpodobně ochucené). Cena není viditelná.</p>
<p>Obrázek zobrazuje propagační štítek z hypermarketu, který informuje o
slevě na produkt.</p>
<p><strong>Popis:</strong></p>
<ul>
<li>Štítek má světlé pozadí a je ohraničen červenou linkou.</li>
<li>V horní části štítku je napsáno velké červené písmo slovo
<strong>AKCE!</strong></li>
<li>Vpravo nahoře je kulatý štítek s nápisem <strong>-29%</strong> v
červeném písmu na bílém pozadí, což znamená, že produkt je zlevněn o 29
%.</li>
<li>Původní cena produktu je <strong>84,90 Kč</strong>, která je
přeškrtnutá.</li>
<li>Nová, zlevněná cena je <strong>59,90 Kč</strong> a je napsána velkým
červeným písmem.</li>
</ul>
<p>Obrázek slouží k informování zákazníků o slevové akci a motivuje je k
nákupu.</p>
<p>Globus</p>
<p>Mléčná</p>
<p>zmrzlina různé druhy</p>
<p>500 ml</p>
<p>100 ml = 11,98</p>
<p>Na obrázku je kelímek zmrzliny “Bourbon Vanille” od firmy EFS.
Kelímek je růžové barvy s ilustracemi vanilkových lusků a s nápisy.</p>
<p>Hlavní nápis: <strong>“Bourbon Vanille”</strong> je napsán velkým,
výrazným fontem. Menší nápis: <strong>“Himbeersymphonie”</strong>
(malinová symfonie) je umístěn nad názvem zmrzliny. Spodní text (méně
viditelný): obsahuje informace o výrobci a pravděpodobně složení a
výživové hodnoty.</p>
<p>Produkt se jeví jako akční/zlevněný, což naznačuje umístění v
hypermarketu. Bohužel, cena není na obrázku uvedena.</p>
<p>Na obrázku je reklama na zlevněné psí pamlsky značky Globus.</p>
<p><strong>Text na obrázku:</strong></p>
<ul>
<li><strong>AKCE!</strong> - obecné upozornění na slevovou akci.</li>
<li><strong>NA POUCHOUTKY PRO PSY ZNAČKY GLOBUS</strong> - specifikace
produktu, na který se akce vztahuje.</li>
<li><strong>PŘÍKLAD CENY</strong> - upozornění, že uvedené ceny jsou
pouze příklad.</li>
<li><strong>29,90</strong> - původní cena.</li>
<li><strong>21,90</strong> - zlevněná cena.</li>
<li><strong>-26%</strong> - výše slevy.</li>
<li>Na obalu pamlsků je napsáno <strong>Hunde-kaustreifen</strong> a
<strong>mit Rind</strong> (německy), což znamená “hovězí proužky”.</li>
<li>Uvedena je i hmotnost 200g.</li>
</ul>
<p>Produkt je zlevněn o 26 % z původní ceny 29,90 Kč na 21,90 Kč. Jedná
se o balení psích pamlsků s hovězím masem o hmotnosti 200g.</p>
<h2 id="naše-vlastní-značky">NAŠE VLASTNÍ ZNAČKY</h2>
<p>Obrázek zobrazuje reklamu na zlevněný produkt v hypermarketu. Původní
cena produktu byla 139,90 Kč, nyní je zlevněn o 28 % a nová cena je
99,90 Kč. Reklama je provedena v červené a bílé barvě s nápisem
“AKCE!”.</p>
<p>Globus FRESH ‚N’ GO různé druhy 400 g 100 g = 24,98</p>
<p>Obrázek ukazuje hotové jídlo s masovými karbanátky, šťouchanými
bramborami, mrkví a hráškem. Jídlo je servírováno na černém talíři a
poleváno omáčkou.</p>
<p>Na obrázku není žádný text, který bych mohl vysvětlit.</p>
<p>Na obrázku je obal hotového jídla “Fresh N’Go Schweine-Medaillons”.
Jde o vepřové medailonky v pepřové omáčce s hráškem, mrkví a bramborovou
kaší. Na obalu je nápis “TO HEAT” (zahřát) a symbol indikující, že jídlo
stačí zahřát. Uvedena je také cena 129,90 Kč.</p>
<p>v nabídce také další druhy za 119,90</p>
<p>Obrázek zobrazuje zlevněný produkt – uzeného divokého lososa Sockeye
od výrobce Globus.</p>
<ul>
<li><strong>Produkt:</strong> Uzený losos Sockeye</li>
<li><strong>Značka:</strong> Globus</li>
<li><strong>Hmotnost:</strong> 100 g</li>
<li><strong>Původní cena:</strong> 104,90 Kč</li>
<li><strong>Sleva:</strong> 14 %</li>
<li><strong>Nová cena:</strong> 89,90 Kč</li>
</ul>
<p>Na obalu je vidět kus uzeného lososa. Text na obalu je převážně
německý “SOCKEYE WILDLACHS - KALT GERÄUCHERT” což znamená “Divoký losos
Sockeye - studeně uzený”.</p>
<p>Obrázek zobrazuje cenu zlevněného produktu. Původní cena je 59,90 Kč,
která je přeškrtnutá. Nová cena je 49,90 Kč. Sleva činí 16%. Text
„AKCE!“ signalizuje, že se jedná o výhodnou nabídku.</p>
<p>Globus</p>
<p>Třešně</p>
<p>ve sladkém nálevu 680 g, p. p. 350 g 100 g = 14,26</p>
<p>Na obrázku je sklenice s třešněmi. Na štítku je napsáno “SÜSS
KIRSCHEN”, což znamená sladké třešně. Pod tím je text v menším fontu,
který pravděpodobně popisuje druh třešní nebo jejich původ. Je to
produkt nabízený v hypermarketu, zřejmě v akci nebo s výhodnou cenou. Na
štítku je také zelené logo, které značí kvalitu nebo původ produktu.</p>
<p>Na obrázku je zlevněný produkt. Původní cena produktu byla 44,90 Kč.
Po slevě 26 % je nová cena 32,90 Kč. Nápis „AKCE!“ má upozornit na
výhodnou nabídku.</p>
<p>Globus Tortilla pšeničná 360 g 100 g = 9,14</p>
<ul>
<li></li>
</ul>
<p>Obrázek ukazuje balení šesti pšeničných tortill “Wrap” značky Globus.
Balení je oranžové s barevnými trojúhelníky. Na přední straně je nápis
“6 Tortilla Wrap Weizen” (6 pšeničných tortill). Pod tím je nápis “Mit
Sonnenblumenöl” (S obsahem slunečnicového oleje). Dole je nápis “Nur
Ofen &amp; Grill” (Jen do trouby a na gril). V pravém dolním rohu je
logo “Vegan”. V levém horním rohu je nápis o slevě. Cena není
uvedena.</p>
<p>17%</p>
<h2 id="globus-argentinské-krevety-červené">Globus Argentinské krevety
červené</h2>
<p>360 g</p>
<p>19990</p>
<p>165</p>
<p>100 g = 46,08</p>
<p>90</p>
<p>Na obrázku je balení mražených krevet “Argentinische Rotgarnelen” od
výrobce Globus. Jde o krevety určené k přípravě na pánvi nebo na
grilu.</p>
<p><strong>Text na obalu:</strong></p>
<ul>
<li><strong>Argentinische Rotgarnelen:</strong> Argentinské červené
krevety.</li>
<li><strong>Für Pfanne oder Grill:</strong> Pro pánev nebo gril.</li>
<li><strong>1000g:</strong> Hmotnost produktu je 1 kilogram.</li>
<li><strong>Easy Peel:</strong> Značka signalizuje snadné loupání
krevet.</li>
<li><strong>399,90:</strong> Cena produktu je 399,90 Kč.</li>
<li>Další text obsahuje popis produktu a informace o výrobci.</li>
</ul>
<p>Krevety jsou na obrázku prezentovány na talíři s zelenou omáčkou a
připravené k podávání.</p>
<p>Na obrázku je zlevněný balíček rýže značky Globus, konkrétně Himalaya
Basmati Reis. Původní cena byla 54,90 Kč, nyní je rýže v akci a stojí
40,90 Kč. Sleva činí 25 %.</p>
<p>Obrázek zobrazuje zlevněný produkt z hypermarketu. Původní cena
produktu byla 52,90 Kč a nyní je zlevněna na 39,90 Kč. Sleva činí 24
%.</p>
<p>Globus</p>
<p>Fazolky zelené</p>
<p>krájené</p>
<p>660 g, p. p. 330 g</p>
<p>100 g = 12,09</p>
<p>Na obrázku je sklenice nakládaných fazolek “Schnitt Bohnen”.</p>
<p><strong>Popis produktu:</strong></p>
<ul>
<li><strong>Název:</strong> Schnitt Bohnen (nakládané fazolky)</li>
<li><strong>Popis:</strong> Na štítku je uvedeno “Junge Zart” (mladé a
jemné) a “Frisch Verarbeitet” (čerstvě zpracované).</li>
<li><strong>Balení:</strong> Sklenice s víčkem.</li>
<li><strong>Obsah:</strong> Sklenice je plná zelených fazolek v
nálevu.</li>
</ul>
<p><strong>Cena:</strong> Cena není na obrázku vidět.</p>
<p>Na obrázku je balení hranolek “Big Frites” od výrobce Globus.</p>
<p><strong>Popis produktu:</strong> Balení je tmavě červené a obsahuje
na sobě obrázek hromady hranolek servírovaných v papírovém košíčku.</p>
<p><strong>Text na obrázku:</strong> * <strong>“BIG FRITES”</strong> -
Název produktu, napsaný velkým písmem. * <strong>“Globus”</strong> -
Značka výrobce. * <strong>“Pommes Frites”</strong> - Označení hranolek
francouzsky. * <strong>“750g”</strong> - Hmotnost balení. *
<strong>“100g = 5,32”</strong> - Cena za 100 gramů hranolek. *
<strong>“AKCE!”</strong> - Nápis upozorňující na slevu. *
<strong>“-24%”</strong> - Velikost slevy. * <strong>“52,90”</strong> -
Původní cena. * <strong>“39,90”</strong> - Nová cena po slevě. *
<strong>Symboly</strong> – Symboly signalizují, že výrobek je vhodný pro
mrazení, pečení a smažení.</p>
<ul>
<li></li>
</ul>
<p>4990</p>
<p>20%</p>
<p>39</p>
<p>Globus Mini větrníky se šlehačkovou náplní 250 g 100 g = 15,96</p>
<p>90</p>
<p>Na obrázku je krabička s mini větrníky s krémovou náplní. Krabička je
růžová s bílými a zelenými detaily. Na přední straně je nápis “Mini
Windbeutel mit Sahnefüllung” (Mini větrníky s krémovou náplní). V levém
horním rohu je logo výrobce. V dolní části krabičky je logo “Bio”. V
horní části je značka, že se jedná o zlevněný produkt. Cena není na
obrázku uvedena.</p>
<p>Na obrázku je reklama na zlevněné těstoviny značky Globus.</p>
<p><strong>Popis produktu:</strong> Balení těstovin s obrázkem kohouta a
nápisem “Frischei” (čerstvé vejce). Pod tím je napsáno “3 Min Kochzeit”
(doba vaření 3 minuty). Těstoviny jsou typu malé kolínka.</p>
<p><strong>Text na obrázku:</strong></p>
<ul>
<li><strong>AKCE! -20%:</strong> Hlavní slogan, zdůrazňující slevovou
akci.</li>
<li><strong>NA VYBRANÉ TĚSTOVINY ZNAČKY GLOBUS:</strong> Uvádí, že sleva
platí na vybrané těstoviny od značky Globus.</li>
<li><strong>PŘÍKLAD CENY:</strong> Upozorňuje, že se jedná o ilustrační
cenu.</li>
<li><strong>39,90</strong> Původní cena</li>
<li><strong>31,90</strong> Cena po slevě.</li>
</ul>
<p>“tid UGZIIG MUSE SUUI L</p>
<p>A Y</p>
<p>Obrázek ukazuje reklamu na zlevněný produkt. Původní cena produktu
byla 599,90 Kč, která je přeškrtnutá. Nová, zlevněná cena je 449,90 Kč.
Vedle ceny je umístěný nápis “AKCE!” a kruh s nápisem “-25%”, což značí,
že produkt je zlevněný o 25 %.</p>
<h2 id="prego">Prego</h2>
<p>Halenka</p>
<ul>
<li><ul>
<li>dámská</li>
</ul></li>
<li><ul>
<li>v akční nabídce široký sortiment dámských halenek za akční ceny</li>
</ul></li>
</ul>
<h2 id="naše-vlastní-značky-1">NAŠE VLASTNÍ ZNAČKY</h2>
<p>Obrázek zobrazuje růžové tričko s krátkým rukávem a širokým střihem.
Tričko má výstřih do V a je doplněno barevným korálkovým náhrdelníkem.
Vlevo nahoře je červený kruhový štítek s procenty, což naznačuje slevu.
Vlevo dole je logo značky PREGO.</p>
<p>Na obrázku chybí cena, takže ji nemohu vyjádřit.</p>
<p>Prego</p>
<p>Obrázek zobrazuje slevový štítek typický pro hypermarkety. Původní
cena produktu byla 699,90 Kč, což je přeškrtnuté. Nová cena je
zvýrazněna červeným písmem a činí 499,90 Kč. V horní části štítku je
nápis “AKCE!”. V kruhu je uvedena sleva -28%.</p>
<h2 id="prego-kalhoty">Prego Kalhoty</h2>
<ul>
<li><ul>
<li>dámské</li>
</ul></li>
<li><ul>
<li>v akční nabídce široký sortiment dámských kalhot za akční ceny</li>
</ul></li>
</ul>
<p>Obrázek zobrazuje logo produktu PREGO. Jedná se pravděpodobně o
potravinu, konkrétně omáčku na těstoviny. Na logu je stylizované písmeno
P.</p>
<p>Obrázek zobrazuje zlevněný produkt z hypermarketu. Původní cena je
99,90 Kč, která je přeškrtnutá. Nová cena po slevě je 79,90 Kč. Vedle
ceny se nachází kruh s nápisem “-20%”, což indikuje, že produkt je
zlevněn o 20 %. Nahoře je napsáno slovo “AKCE!”.</p>
<p>Obrázek zachycuje reklamní cedulku s označením akce. Původní cena
produktu je 99,90 Kč, která je přeškrtnutá. Nová, zlevněná cena je 79,90
Kč. Akce je označena nápisem “AKCE!” a kruhovým polem s nápisem
“-20%”.</p>
<p>Obrázek zobrazuje logo značky “PREGO”. Neposkytuje žádné informace o
zlevněném produktu nebo ceně.</p>
<h2 id="prego-podprsenka">Prego Podprsenka</h2>
<ul>
<li><ul>
<li>více barevných variant</li>
</ul></li>
<li><ul>
<li>na běžné nošení i sport</li>
</ul></li>
</ul>
<p>Obrázek zobrazuje sportovní podprsenku v barvě lososové. Má
jednoduchý střih s širokými ramínky a zády s křížením. Spodní lem
podprsenky má černý pruh s nápisem “PREGO” bílým písmem.</p>
<p>Cena není na obrázku viditelná, ale jde o zlevněný/výhodný produkt z
hypermarketu.</p>
<p>Na obrázku jsou zobrazeny volné kalhoty palazzo v barvě světle šedé.
Mají vysoký pas a jsou doplněny látkovým páskem ve stejné barvě. Kalhoty
mají široké nohavice a na přední straně jemné záhyby.</p>
<p>Na obrázku není žádný text s cenou nebo jinými informacemi.</p>
<p>Na obrázku je vidět reklama na zlevněný produkt. Původní cena je
349,90 Kč, která je přeškrtnutá. Nová, zlevněná cena je 249,90 Kč. V
kruhovém rámečku je napsáno “-28%”, což značí procentuální slevu. Nahoře
je nápis “AKCE!”.</p>
<h2 id="prego-home-plážová-osuška-xl">Prego Home Plážová osuška XL</h2>
<ul>
<li><ul>
<li>rozměr: 80 x 160 cm</li>
</ul></li>
<li><ul>
<li>různé vzory</li>
</ul></li>
<li><ul>
<li>praktické balení</li>
</ul></li>
<li>v textilním sáčku</li>
</ul>
<p>Obrázek zachycuje propagační štítek z hypermarketu, který informuje o
zlevněném produktu.</p>
<p><strong>Popis:</strong></p>
<ul>
<li><strong>Původní cena:</strong> 249,90 Kč (přeškrtnutá)</li>
<li><strong>Nová cena:</strong> 169,90 Kč (zvýrazněná)</li>
<li><strong>Sleva:</strong> 32 % (zobrazena v kruhovém symbolu)</li>
<li><strong>Text:</strong> „AKCE!“ (vyznačuje se nahoře na štítku)</li>
</ul>
<p>Štítek naznačuje, že se jedná o výhodnou nabídku, kde zákazník ušetří
32 % z původní ceny.</p>
<h2 id="prego-home-polštářek-cestovní">Prego Home Polštářek
cestovní</h2>
<ul>
<li><ul>
<li>výplň: paměťová pěna</li>
</ul></li>
<li><ul>
<li>různé barvy</li>
</ul></li>
</ul>
<p>Obrázek zachycuje reklamu na zlevněný produkt. Původní cena produktu
je 79,90 Kč, která je přeškrtnutá. Nová, zlevněná cena je 59,90 Kč.
Uvádí se sleva 25%.</p>
<p>Obrázek zobrazuje logo značky PREGO. Jedná se o bílé logo s černým
obrysem ve tvaru písmene P a zakrouceného pásku. Pod logem je napsáno
slovo “PREGO” velkými písmeny. Na obrázku není žádná cena ani informace
o slevě.</p>
<h2 id="prego-kalhotky">Prego Kalhotky</h2>
<ul>
<li><ul>
<li>více barev</li>
</ul></li>
<li><ul>
<li>různé druhy, se sportovní gumou i bez</li>
</ul></li>
<li><ul>
<li>v akční nabídce i kalhotky 2pack za 99,90</li>
</ul></li>
</ul>
<p>Obrázek zobrazuje spodní prádlo, konkrétně kalhotky. Jsou v barvě
hořčičné, s nízkým pasem. V pase mají širokou gumu, na které je
opakovaně napsáno slovo “PREGO” bílým písmem. Zřejmě se jedná o výprodej
zboží z hypermarketu. Cena není uvedena.</p>
<p>Na obrázku je vidět srolovaná plážová osuška a rozložená taška na
pláž, obě s výrazným tropickým vzorem - kombinací květů ibišku, motýlů a
zelených listů palem. Obě věci jsou značky PREGO HOME.</p>
<p><strong>Text na obrázku:</strong></p>
<ul>
<li><strong>PREGO HOME</strong> – značka produktů.</li>
</ul>
<p>Obrázek je pravděpodobně reklamní leták hypermarketu, který propaguje
výhodnou nabídku těchto produktů.</p>
<p>Na obrázku jsou dva cestovní polštáře v bordó barvě. Polštáře mají
tvar podkovy s otvorem uprostřed pro hlavu a krk, jsou určeny pro
pohodlí při cestování. V levém horním rohu je logo “MODA HOME”. Cena
není uvedena.</p>
<p>Obrázek zachycuje reklamní leták na zlevněný produkt. Původní cena
produktu byla 499,90 Kč, což je přeškrtnuté. Nová cena je 349,90 Kč a je
zvýrazněna červenou barvou. V levém horním rohu je nápis “AKCE!” a v
pravém horním rohu je kulatý štítek s nápisem “-30%”, což naznačuje, že
produkt je zlevněn o 30%.</p>
<p>Prego Home Svíčka vonná - v akční nabídce i další druhy</p>
<p>Na obrázku jsou dvě vonné svíčky značky PREGO HOME. Jsou umístěny v
průhledných skleněných nádobách a mají dřevěné víčka.</p>
<ul>
<li>Svíčka vlevo má skleněnou nádobu s přechodem od červené barvy ve
spodní části ke světle oranžové nahoře.</li>
<li>Svíčka vpravo má skleněnou nádobu s přechodem od modré barvy ve
spodní části k bílé nahoře.</li>
</ul>
<p>Na etiketě na obou svíčkách je nápis “PREGO HOME” a pod ním nápis
“Vonná svíčka”. Pod tím je nápis s cenovkou, která je částečně
nečitelná. Zdá se, že cena je <strong>299,90 Kč</strong>.</p>
<p>Obrázek zobrazuje reklamu na zlevněný produkt. Původní cena produktu
byla 299,90 Kč, což je přeškrtnuté. Nová, akční cena je 199,90 Kč. Nad
akční cenou se nachází nápis “AKCE!” v červeném provedení. V pravém
horním rohu kruhového pole je uvedena sleva 33 %.</p>
<h2 id="prego-home-polštář">Prego Home Polštář</h2>
<ul>
<li><ul>
<li>rozměr: 45 × 45 cm</li>
</ul></li>
<li><ul>
<li>různé barvy</li>
</ul></li>
</ul>
<p>299 90</p>
<h2 id="prego-home-deka">Prego Home Deka</h2>
<ul>
<li><ul>
<li>rozměr 150 x 200 cm</li>
</ul></li>
<li><ul>
<li>různé druhy a barvy</li>
</ul></li>
</ul>
<p>Na obrázku je reklama na pánev Prego Home, určenou na pečení 7
lívanců. Původní cena byla 549,90 Kč, nyní je zlevněna na 399,90 Kč.
Sleva činí 27 %. Rozměr pánve je 26 cm.</p>
<p>Obrázek zobrazuje logo hypermarketu Globus. Slovo “Globus” je napsáno
velkými oranžovými písmeny s bílým stínem na oranžovém pozadí. Logo je
orámováno zelenou kruhovou linií s motivem světa uvnitř. Jedná se o
reklamní materiál, který informuje o hypermarketu Globus. Cena ani žádný
konkrétní produkt na obrázku nejsou uvedeny.</p>
<h2 id="prego-boxerky">Prego Boxerky</h2>
<ul>
<li><ul>
<li>více barevných variant, jednobarevné i se vzorem</li>
</ul></li>
<li><ul>
<li>pohodlná neškrtící guma</li>
</ul></li>
</ul>
<p>Obrázek zobrazuje logo značky PREGO. Zdá se, že se jedná o produkt z
hypermarketu, který je ve slevě nebo je nabízen za výhodnou cenu. Na
obrázku není uvedena žádná konkrétní cena.</p>
<p>Na obrázku jsou šedivé pánské boxerky. Zdá se, že jde o výhodný nákup
z hypermarketu, jak naznačuje červený rámeček kolem produktu. Bohužel na
obrázku není žádný text s cenou, takže není možné ji uvést.</p>
<p>Na obrázku je vidět cenovka s označením výhodné nabídky. Dominantní
prvek je velké červené číslo “89,90”, které představuje cenu v českých
korunách. Pod číslem je napsáno “3 páry = 1 cena”, což znamená, že
zákazník zaplatí pouze jednu cenu za tři páry daného zboží. Cenovka je
orámována červeně a bíle, což má upoutat pozornost.</p>
<h2 id="prego-ponožky">Prego Ponožky</h2>
<ul>
<li><ul>
<li>více druhů a vzorů - pánské, dámské, ve vel. 35-46 - na běžné nošení
i sport</li>
</ul></li>
</ul>
<p>Obrázek ukazuje logo produktu “PREGO”. Jedná se o značku italských
omáček a těstovin, často nabízených v hypermarketech. Logo se skládá z
propleteného písmene P v oválném rámečku. Obrázek sám o sobě nevypovídá
o slevě nebo ceně.</p>
<p>Na obrázku jsou vidět tři páry dámských ponožek. Dva páry jsou
pruhované - jeden bílo-fialový a druhý tmavě modro-bílý. Třetí pár je
jednobarevný, světle šedý.</p>
<p>V levém horním rohu obrázku je žlutá cenovka s nápisem “0”, což
naznačuje výprodej nebo cenu 0 Kč. Pod tím je zřejmě cena v korunách
českých, ale kvůli malé velikosti písma se nedá jednoznačně určit.</p>
<p>Obrázek zobrazuje modrý polštář. Polštář má čtvercový tvar a je
vyrobený z látky připomínající samet nebo velur. Na obrázku se
nevyskytuje žádný text, který bych mohl vysvětlit.</p>
<p>Na obrázku je zobrazen měkký fleecový přehoz nebo deka v světle
růžové barvě s decentním vzorem. Text v levém horním rohu hlásí “PREGO
HOME”, což naznačuje značku produktu. Cena není přímo viditelná, ale
předpokládá se, že se jedná o zlevněný nebo výhodný produkt z
hypermarketu. Vzhledem k jeho měkkému vzhledu se hodí pro použití v
obývacím pokoji nebo ložnici.</p>
<p>Na obrázku je vidět černá pánev s 7 prohlubněmi, určená pravděpodobně
na smažení vaječných omelet nebo palačinek. Jedná se o typickou pánev na
mini lívance nebo snídaňové omelety.</p>
<p>Obrázek obsahuje nápis: <strong>„SLEVA 44% PŘEDTÍM 699,90 KČ Nyní
389,90 KČ“</strong>. Nabídka hypermarketu obsahuje slevu na tuto pánev,
původní cena je 699,90 Kč a nyní je k dispozici za 389,90 Kč.</p>
<ul>
<li>ruzne druhy, se Sportovni nabidce siroky</li>
</ul>
<p>nt damskych fa akcni ceny</p>
<p>imétová pena</p>
<p>Na obrázku je reklama na maso a uzeniny z řetězce Globus. Jsou zde
zobrazeny různé druhy masa a uzenin s cenami.</p>
<p>Zlevněné produkty a jejich ceny:</p>
<ul>
<li><strong>Sedlácká šunka Globus</strong> - 23,90 Kč / 100 g</li>
<li><strong>Selská paštika Globus</strong> - 50,- Kč / 320 g</li>
<li><strong>Šunka polokonzerva Globus</strong> - 180,- Kč / 1 kg</li>
<li><strong>Syrová sekaná Globus</strong> - 89,- Kč / 1 kg</li>
<li><strong>Karbanátek směs Globus</strong> - 149,- Kč / 1 kg</li>
<li><strong>Hovězí pečeně z kýty Globus</strong> - 329,- Kč / 1 kg</li>
<li><strong>Hovězí žebra Globus</strong> - 189,- Kč / 1 kg</li>
<li><strong>Hovězí kližka Globus</strong> - 139,- Kč / 1 kg</li>
<li><strong>Vepřová kližka Globus</strong> - 139,- Kč / 1 kg</li>
</ul>
<p>Text na obrázku uvádí: “Vlastní řeznictví Globus”, “Naše produkty
vyhrály ocenění Česká chuťovka”, “Od 1996”, “Jsme řezníci a máme svou
společnost”, “Globus je členem Českého svazu zpracovatelů masa”.</p>
<p>Na obrázku je reklama na pekařství a kavárnu Globus. Jsou zde
zobrazeny různé druhy pečiva v akci.</p>
<p>Zde je popis některých zlevněných produktů:</p>
<ul>
<li><strong>Taštička s parkem 110g:</strong> Původní cena 29,90 Kč, nyní
21,90 Kč (sleva 26%). Popis: Výborné ke svačině.</li>
<li><strong>Bagueta celozrnná 270g:</strong> Původní cena 29,90 Kč, nyní
24,90 Kč (sleva 16%). Popis: Vynikající k zeleninovým salátům.</li>
<li><strong>Rohlik Prémium 50g:</strong> Původní cena 7,90 Kč, nyní 6,90
Kč (sleva 12%). Obsahuje semínka zlatého lnu.</li>
<li><strong>Cereální croissant 70g:</strong> Původní cena 15,90 Kč, nyní
12,90 Kč (sleva 18%). Popis: Výhodný ke svačině.</li>
<li><strong>Preclík louhovaný 85g:</strong> Původní cena 14,90 Kč, nyní
9,90 Kč (sleva 33%). Popis: S poctivou solí, nesmí chybět na stole.</li>
<li><strong>Chléb bavorský 700g:</strong> Původní cena 42,90 Kč, nyní
36,90 Kč (sleva 13%). Popis: Dle tradiční receptury, s pečenými
bramborami.</li>
<li><strong>Pletýnka 75g:</strong> Původní cena 13,90 Kč, nyní 9,90 Kč
(sleva 28%). Popis: Pro radost i s chutí, s vanilkovým krémem.</li>
</ul>
<p><strong>Text na obrázku:</strong></p>
<ul>
<li>„Vlastní pekařství a kavárna Globus.“</li>
<li>„Jsme hrdým členem pekařského cechu.“</li>
<li>„Tady ctíme řemeslo od 2006.“</li>
<li>„Naše produkty vyhrály ocenění Česká chuťovka.“</li>
<li>„Vybírejte ze široké nabídky čerstvého pečiva.“</li>
<li>„Slevy jsou označeny procentuální slevou a novou cenou.“</li>
<li>„Člen pekařského cechu.“</li>
</ul>
<p>Celkově je to reklama na pekařské výrobky Globus s označením cen a
slev.</p>
<p>Obrázek je reklamní leták na jídlo z restaurace hypermarketu Globus.
Obsahuje nabídku několika jídel za snížené ceny.</p>
<p>Zde je popis některých zlevněných produktů a textu:</p>
<ul>
<li><strong>Lasagne s boloňským ragú</strong> - 189,- Kč (vikendová
nabídka)</li>
<li><strong>Kung Pao</strong> se kuřecím masem a jasmínovou rýží - 159,-
Kč</li>
<li><strong>Hrachová kaše</strong> s uzeným masem a kyselou okurkou -
89,- Kč</li>
<li><strong>Srbská kuřecí</strong> rizoto se sýrem a okorkou - 99,-
Kč</li>
<li><strong>Hovězí kostky</strong> na česneku se špenkem a bramborovými
knedlíky - 139,- Kč</li>
</ul>
<p>V horní části letáku je logo Globus a text: “Vlastní restaurace
Globus”. Pod logem je text “Jsme členem Asociace hotelů a restaurací ČR”
a “Vyrobena od 1996”. V dolní části letáku je text “Jídlo z Globusu až k
vám domů přiveze” a logo rozvozové služby Foodora.</p>
<p>Leták obsahuje informaci o platnosti nabídky od 25. 4. do 27. 4.
2024, do vyprodání zásob.</p>
<p>Nemecko</p>
<p>90 SO ALV: h rüzne druhy 1009</p>
<p>Na obrázku je reklamní leták hypermarketu s nabídkou zlevněných sýrů
a masa.</p>
<p>Zlevněné produkty a jejich ceny jsou:</p>
<ul>
<li><strong>Gouda</strong>: Původní cena 24,90 Kč, nyní 17,90 Kč / 100g.
Sleva 28%.</li>
<li><strong>Madeta Gouda</strong>: Původní cena 30,90 Kč, nyní 25,90 Kč
/ 100g. Sleva 16%.</li>
<li><strong>Madeta Balkánský sýr</strong>: Původní cena 24,90 Kč, nyní
19,90 Kč / 100g. Sleva 20%.</li>
<li><strong>Koliba Uzený</strong>: Původní cena 36,90 Kč, nyní 25,90 Kč
/ 100g. Sleva 29%.</li>
<li><strong>Madeta Salámový sýr</strong>: Původní cena 29,90 Kč, nyní
23,90 Kč / 100g. Sleva 20%.</li>
<li><strong>Suméček africký filet</strong>: Původní cena 39,90 Kč, nyní
29,90 Kč / 100g. Sleva 25%.</li>
<li><strong>Old Amsterdam</strong>: Původní cena 74,90 Kč, nyní 52,90 Kč
/ 100g. Sleva 29%.</li>
<li><strong>Tilsit uzený</strong>: Původní cena 35,90 Kč, nyní 24,90 Kč
/ 100g. Sleva 30%.</li>
<li><strong>Madeta Týnský sýr</strong>: Původní cena 30,90 Kč, nyní
22,90 Kč / 100g. Sleva 25%.</li>
<li><strong>Party krovety</strong>: Původní cena 68,90 Kč, nyní 48,90 Kč
/ 100g. Sleva 29%.</li>
<li><strong>Madeta Eidam</strong>: Původní cena 25,90 Kč, nyní 19,90 Kč
/ 100g. Sleva 23%.</li>
<li><strong>Madeta Cottage</strong>: Původní cena 19,90 Kč, nyní 14,90
Kč / 150g. Sleva 25%.</li>
<li><strong>Madeta Hermelín</strong>: Původní cena 21,90 Kč, nyní 16,90
Kč / 100g. Sleva 23%.</li>
<li><strong>Zavináč</strong>: Původní cena 24,90 Kč, nyní 18,90 Kč /
100g. Sleva 24%.</li>
<li><strong>Madeta Čedár</strong>: Původní cena 29,90 Kč, nyní 22,90 Kč
/ 100g. Sleva 23%.</li>
</ul>
<p>Na obrázku jsou vidět nápisy jako “Akční nabídka z pultu”, “Česká
poctivost”, a procentuální sleva u každého produktu. Všechny ceny jsou
uvedeny v českých korunách (Kč) s desetinnou čárkou.</p>
<h2 id="váš-svět-nízkých-cen">VÁŠ SVĚT NÍZKÝCH CEN</h2>
<p>Obrázek je reklamní leták hypermarketu Globus s nabídkou zlevněného
ovoce a zeleniny. Zde je podrobný popis některých produktů a vysvětlení
textu:</p>
<ul>
<li><strong>Mango:</strong> Původní cena 49,90 Kč, nyní 29,90 Kč (sleva
40 %). Uvedena cena za 1 kg.</li>
<li><strong>Meloun vodní červený:</strong> Původní cena 59,90 Kč, nyní
49,90 Kč (sleva 16 %). Uvedena cena za 1 kg.</li>
<li><strong>Hrušky Xenia:</strong> Původní cena 69,90 Kč, nyní 39,90 Kč
(sleva 42 %). Uvedena cena za 1 kg.</li>
<li><strong>Citrony:</strong> Původní cena 49,90 Kč, nyní 27,90 Kč
(sleva 44 %). Uvedena cena za 1 kg.</li>
<li><strong>Brokolice:</strong> Původní cena 39,90 Kč, nyní 29,90 Kč
(sleva 25 %). Balení 500g.</li>
<li><strong>Paprika žlutá:</strong> Původní cena 69,90 Kč, nyní 41,90 Kč
(sleva 40%). Uvedena cena za 1 kg.</li>
<li><strong>Zampioni bílé:</strong> Původní cena 84,90 Kč, nyní 69,90 Kč
(sleva 17%). Uvedena cena za 1 kg.</li>
<li><strong>Pór:</strong> Původní cena 24,90 Kč, nyní 14,90 Kč (sleva
40%). Uvedena cena za 1ks.</li>
<li><strong>Mrkev:</strong> Původní cena 24,90 Kč, nyní 16,90 Kč (sleva
32%). Uvedena cena za 1 kg.</li>
</ul>
<p>V horní části letáku je nápis “VAS SVĚT NÍZKÝCH CEN” a v dolní části
nápis “Prohlédněte si leták”. Vedle některých produktů se nachází loga
“ODRŮDA VERNA” a “Čerstvé potraviny”.</p>
<p>Obrázek zobrazuje QR kód s logem hypermarketu Globus. QR kód je
pravděpodobně určen pro načtení informací o akční nabídce nebo slevě. Na
QR kódu je zobrazeno logo obchodu “Globus” v zelené barvě. Není možné
bez načtení QR kódu určit konkrétní zlevněný produkt a jeho cenu.</p>
<p>Extra strana online letáku.</p>
<h2 id="váš-svět-nízkých-cen-online">VÁŠ SVĚT NÍZKÝCH CEN ONLINE</h2>
<p>Na obrázku je reklama na zlevněné ovoce a zeleninu z hypermarketu.
Zde je podrobný popis:</p>
<ul>
<li><strong>BIO Okurka hadoví:</strong> Původní cena 44,90 Kč, sleva 33
%, nová cena 29,90 Kč za 1 kg.</li>
<li><strong>BIO Lilek:</strong> Původní cena 99,90 Kč, sleva 25 %, nová
cena 74,90 Kč. Uvedena hmotnost 300 g.</li>
<li><strong>BIO Cuketa:</strong> Původní cena 69,90 Kč, sleva 28 %, nová
cena 49,90 Kč. Uvedena hmotnost 200 g.</li>
<li><strong>Kápusta hlávková:</strong> Původní cena 49,90 Kč, sleva 30
%, nová cena 34,90 Kč za 1 kg.</li>
<li><strong>Hliva ústřičná:</strong> Původní cena 54,90 Kč, sleva 18 %,
nová cena 44,90 Kč. Uvedena hmotnost 300 g.</li>
<li><strong>Portobello:</strong> Původní cena 45,90 Kč, sleva 19 %, nová
cena 36,90 Kč. Uvedena hmotnost 220 g.</li>
<li><strong>Tykev Hokkaido:</strong> Původní cena 69,90 Kč, sleva 28 %,
nová cena 49,90 Kč za 1 kg.</li>
<li><strong>Fazolové lusky kulaté:</strong> Původní cena 59,90 Kč, sleva
25 %, nová cena 44,90 Kč. Uvedena hmotnost 250 g.</li>
<li><strong>Cibule kuchyňská červená:</strong> Původní cena 34,90 Kč,
sleva 20 %, nová cena 27,90 Kč za 1 kg.</li>
</ul>
<p>Na některých produktech je štítek s nápisem „Česká potravina“.</p>
<p>Obrázek zobrazuje logo hypermarketu Globus. Logo je oranžové a
zelené, složené z nápisu “Globus” a kulaté grafiky připomínající Zemi.
Neobsahuje žádné informace o konkrétním zlevněném produktu ani cenu.</p>
<p>Dobře, analyzuji obrázek a popíšu zlevněné produkty a text na
něm:</p>
<p><strong>Celkový popis:</strong> Obrázek je reklamní leták
hypermarketu Globus, zaměřený na prodej proteinových produktů a
snídaňových směsí. Platnost akce je od 23. února do 6. března 2024.</p>
<p><strong>Zlevněné produkty:</strong></p>
<ul>
<li><strong>Bio Extrude</strong> - Crispis proteinový (100g) - Původní
cena 34,90 Kč, <strong>snížená na 28,90 Kč (-17%)</strong></li>
<li><strong>Mixit</strong> - Adam Ondra proteinové tyčinky čokoládové
(40g) - Původní cena 239,90 Kč, <strong>snížená na 209,90 Kč
(-12%)</strong></li>
<li><strong>Organis Vegan</strong> - Protein vanilka (500g) - Původní
cena 349,90 Kč, <strong>snížená na 249,90 Kč (-28%)</strong></li>
<li><strong>Max Sport</strong> - Proteinová tyčinka (50g) - Původní cena
38,90 Kč, <strong>snížená na 26,90 Kč (-30%)</strong></li>
<li><strong>Bauli Soft &amp; Creamy</strong> - Protein karamelová
příchuť (45g) - Původní cena 54,90 Kč, <strong>snížená na 34,90 Kč
(-36%)</strong></li>
<li><strong>Mixit</strong> - Adam Ondra proteinové tyčinky (40g) -
Původní cena 178,90 Kč, <strong>snížená na 159,90 Kč
(-10%)</strong></li>
<li><strong>Nutrend WHEY</strong> - Protein čokoláda (23g) - Původní
cena 24,90 Kč, <strong>snížená na 19,90 Kč (-20%)</strong></li>
<li><strong>Bombus</strong> - Tyčinka protein různé druhy (50g) - Cena
26,90 Kč</li>
<li><strong>Alpro</strong> - Protein (380g) - Původní cena 119,90 Kč,
<strong>snížená na 89,90 Kč (-25%)</strong></li>
<li><strong>Alpro</strong> - Protein (450g) - Cena 119,90 Kč</li>
</ul>
<p><strong>Text na letáku:</strong></p>
<ul>
<li><strong>“Protein, který má s tebou zdravý svět”</strong> - Hlavní
slogan akce.</li>
<li><strong>“Snídej podle chuti”</strong> - Podtitul pro snídaňové
směsi.</li>
<li><strong>“96% protein”</strong> - Uváděno u produktů Bombus.</li>
<li><strong>“30g protein”</strong> - Označení množství proteinu v
tyčinkách.</li>
<li><strong>“Vegan”</strong> - U produktů Organix Vegan.</li>
<li><strong>“Bez lepku”</strong> - Označení produktů, které neobsahují
lepek.</li>
</ul>
<p>Leták obsahuje barevné fotografie a ceny produktů s procentuálním
vyjádřením slevy. Je zaměřen na zákazníky, kteří se zajímají o zdravou
výživu a sport.</p>
<p>Obrázek je reklamní leták z hypermarketu Globus, který propaguje
produkty na grilování a oslavu Velikonoc. Obsahuje několik zlevněných
produktů:</p>
<ul>
<li><strong>Spekáčky Globus:</strong> 13,90 Kč/100g. Text uvádí, že se
dají grilovat, péct, nebo použít jako součást bramborového salátu.</li>
<li><strong>Biggrill Globus:</strong> 159,- Kč/kg. Text uvádí, že je
vhodný pro grilování i pečení v troubě.</li>
<li><strong>Merquez:</strong> 22,90 Kč/100g. Jedná se o tradiční
francouzskou grilovací klobásu z hovězího masa.</li>
<li><strong>Párty klobáska Globus:</strong> 19,90 Kč/100g. Text uvádí,
že je ideální na gril.</li>
<li><strong>Trampské cigáro Globus:</strong> 17,90 Kč/100g. Jedná se o
grilovací klobásu s jemným kořením.</li>
<li><strong>Jemný párek Globus:</strong> 12,90 Kč/100g.</li>
</ul>
<p>V horní části letáku je nápis “Oslavte s námi Velikonoce”, a
informace, že platí od 23. 3. do 30. 4. 2024. Zobrazen je také nápis
“Výroba v Globusu”. Pod některými produkty je ikona ve tvaru
srdíčka.</p>
<p>Zde je detailní popis obrázku a vysvětlení textu:</p>
<p><strong>Obecný popis:</strong></p>
<p>Obrázek je reklamní leták hypermarketu, pravděpodobně Albert,
zaměřený na masné výrobky a pečivo. Obsahuje fotografie různých druhů
klobás, salámů a pečiva s cenovkami. V levém horním rohu je logo
“Řeznictví Albert” a nápis “Tradice řeznictví od roku 1996”. Uprostřed
horní části je nápis “Platí od 23.4. do 30.4.2024.” s logem
“Albert”.</p>
<p><strong>Popis zlevněných produktů:</strong></p>
<ul>
<li><strong>Kabanos Albert:</strong> 13,90 Kč / 100g</li>
<li><strong>Griller Albert:</strong> 14,90 Kč / 100g</li>
<li><strong>Moravská klobása Albert:</strong> 15,90 Kč / 100g</li>
<li><strong>Kaiserka:</strong> 3,90 Kč / 1 ks, 25 % sleva, 250g - 25,80
Kč</li>
<li><strong>Královský bochník:</strong> 61,90 Kč, -19 %, 200g, 250g,
470g.</li>
<li><strong>Šumavská saláma Albert:</strong> 28,90 Kč / 100g.</li>
</ul>
<p><strong>Vysvětlení textu:</strong></p>
<ul>
<li>U kabanosu, grilleru a moravské klobásy je uvedena cena za 100 gramů
výrobku.</li>
<li>U kaiserky je uvedena cena za jeden kus, procentní sleva a cena za
balení 250g.</li>
<li>U králoského bochníku je uvedena cena, procentní sleva a hmotnosti
balení.</li>
<li>U Šumavské salámy je uvedena cena za 100 gramů výrobku.</li>
</ul>
<p><strong>Doplňující informace:</strong></p>
<p>U některých výrobků je uvedena informace o balení (vákuovaný balíček,
hmotnost balení). U výrobků je i doporučení na využití.</p>
<p>Dobře, tady je popis zlevněných produktů na obrázku, včetně
vysvětlení textu:</p>
<p><strong>Celkový popis:</strong></p>
<p>Obrázek je reklamní leták hypermarketu Globus s nabídkou zlevněných
alkoholických nápojů. Vlevo nahoře je název akce: “Noc plná kouzel,
chutí a připítků”. Akce platí od 23.4. do 30.4. 2024. Na letáku jsou
vyobrazeny různé druhy lihovin, whisky a ochucených piv se zvýrazněnými
cenami.</p>
<p><strong>Popis zlevněných produktů (zleva doprava a shora
dolů):</strong></p>
<ul>
<li><strong>Becherovka</strong> (0,7l) za <strong>179,90 Kč</strong>
(původní cena není uvedena)</li>
<li><strong>Božkov Republica</strong> (0,7l), 38 % alkoholu, s příchutí
Solera, a příchutí Espresso za <strong>299,90 Kč</strong>.</li>
<li><strong>Jameson</strong> irská whisky (0,7l) za <strong>329,90
Kč</strong> (původní cena není uvedena).</li>
<li><strong>Heffron</strong> (0,7l), 32-38 % alkoholu s příchutí
Coconut, Coffee za <strong>199,90 Kč</strong>.</li>
<li><strong>Cool</strong> (0,5l) ochucené pivo, různé druhy za
<strong>16,90 Kč</strong>.</li>
<li><strong>Stock</strong> Fernet (0,7l) za <strong>239,90
Kč</strong>.</li>
<li><strong>Rum Negrita</strong> (0,7l) za <strong>149,90
Kč</strong>.</li>
<li><strong>Vodka Kremlin</strong> (0,7l) za <strong>139,90
Kč</strong>.</li>
<li><strong>Jägermeister</strong> (0,7l) za <strong>219,90
Kč</strong>.</li>
<li><strong>Jägermeister Orange</strong> (0,7l) za <strong>219,90
Kč</strong>.</li>
<li><strong>Becherovka Lemon&amp;Mint</strong> (0,7l) za <strong>179,90
Kč</strong>.</li>
<li><strong>Jägermeister</strong> (0,3l) za <strong>49,90
Kč</strong>.</li>
<li><strong>Cool Vitality</strong> a Energy (0,5l) za <strong>19,90
Kč</strong>.</li>
</ul>
<p><strong>Doplňující informace:</strong></p>
<ul>
<li>U každého produktu je uvedeno množství v litrech (0,7l nebo 0,5l) a
obsah alkoholu v procentech, pokud je to relevantní.</li>
<li>Ceny jsou zvýrazněny tučným písmem.</li>
<li>Některé produkty mají uvedenu původní cenu, která je přeškrtnutá,
což naznačuje slevu.</li>
<li>U produktů Cool, Jägermeister a Cool Vitality je uvedeno, že jde o
různé druhy.</li>
</ul>
<p>Doufám, že je to dostatečně detailní popis.</p>
<p>Na obrázku je reklamní leták hypermarketu Globus s nabídkou
zlevněných produktů platnou od 23. do 30. dubna 2024.</p>
<p><strong>Popis zlevněných produktů:</strong></p>
<ul>
<li><strong>Selské kuřecí křídla marinovaná Globus:</strong> Původní
cena 149,90 Kč/kg, nyní 119,90 Kč/kg.</li>
<li><strong>Selské kuřecí špalíčky/stehna marinovaná:</strong> Původní
cena 189,- Kč/kg, nyní 151,20 Kč/kg.</li>
<li><strong>Grill for Me:</strong> Původní cena 74,90 Kč, nyní 59,90 Kč
(snížení o 20%).</li>
<li><strong>Gurmán kečup:</strong> Původní cena 77,90 Kč, nyní 49,90 Kč
(snížení o 35%).</li>
<li><strong>Horčice:</strong> Původní cena 21,90 Kč, nyní 17,90 Kč
(snížení o 18%).</li>
<li><strong>Značkové nálevy:</strong> Původní cena 39,90 Kč, nyní 27,90
Kč (snížení o 30%).</li>
<li><strong>Dětský kostým čarodějnice:</strong> Původní cena 399,90 Kč,
nyní 319,90 Kč (snížení o 20%).</li>
<li><strong>Značkové potraviny Machland:</strong> Snížení o 35%.</li>
<li><strong>Na výrobek čarodějnice:</strong> Snížení o 20%.</li>
</ul>
<p><strong>Vysvětlení textu:</strong></p>
<ul>
<li>Leták uvádí, že se slevy vztahují na vybrané produkty v hypermarketu
Globus.</li>
<li>U každého produktu je uvedena původní cena, nová cena a procento
slevy.</li>
<li>Leták také uvádí, že v nabídce je více druhů marinovaného masa.</li>
<li>Některé produkty jsou označeny jako „značkové“ nebo „ilustrační
foto“.</li>
<li>Kromě potravin nabízí Globus v rámci akce také dětské kostýmy a
doplňky pro čarodějnice.</li>
</ul>
<p>Zde je popis zlevněných produktů z hypermarketu na obrázku:</p>
<p><strong>Zlevněné produkty:</strong></p>
<ul>
<li><strong>Cornetto Max Mango &amp; Chocolate:</strong> Původní cena
57,90 Kč, nyní 46,90 Kč (sleva 18 %). Hmotnost 150 ml.</li>
<li><strong>Nutella Zmrzlina:</strong> Původní cena 199,90 Kč, nyní
159,90 Kč (sleva 20 %). Hmotnost 450 ml.</li>
<li><strong>Banan v čokoládě:</strong> Původní cena 16,90 Kč, nyní 12,90
Kč (sleva 23 %). Hmotnost 100 ml.</li>
<li><strong>Prima Prank:</strong> Původní cena 19,90 Kč, nyní 15,90 Kč
(sleva 20 %). Hmotnost 70 ml.</li>
<li><strong>Fruistimo Zmrzlina:</strong> Původní cena 41,90 Kč, nyní
34,90 Kč (sleva 16 %). Hmotnost 100 ml.</li>
<li><strong>Twister Mini Tropical:</strong> Původní cena 136,90 Kč, nyní
104,90 Kč (sleva 23 %). Hmotnost 400 ml.</li>
<li><strong>Kaktus Zmrzlina:</strong> Původní cena 154,90 Kč, nyní
119,90 Kč (sleva 22 %). Hmotnost 400 ml.</li>
<li><strong>Kinder Bueno:</strong> Původní cena 129,90 Kč, nyní 89,90 Kč
(sleva 30 %). Hmotnost 4x80 g.</li>
<li><strong>Smětanová zmrzlina:</strong> Původní cena 14,90 Kč, nyní
9,90 Kč (sleva 33 %). Hmotnost 100 ml.</li>
<li><strong>Manhattan Classice:</strong> Cena 89,90 Kč. Hmotnost 750
ml.</li>
<li><strong>Sorbet:</strong> Cena 59,90 Kč. Hmotnost 500 ml.</li>
</ul>
<p><strong>Text na obrázku:</strong></p>
<ul>
<li>“Platí od 16. 4. do 29. 4. 2024” - Informace o platnosti akce.</li>
<li>“PESTRÝ VÝBĚR ZMRZLIN ZA LÁKAVÉ CENY” - Hlavní slogan pro sekci se
zlevněnými zmrzlinami.</li>
<li>U každého produktu je uvedena původní cena, zlevněná cena a procento
slevy.</li>
<li>U některých produktů je uvedena i hmotnost (např. 150 ml, 450
ml).</li>
<li>Různé nápisy označující značky a typy zmrzlin (Cornetto, Nutella,
Kinder Bueno, Manhattan).</li>
</ul>
<p>Obrázek zobrazuje logo hypermarketu Globus. Jde o oranžový nápis
“Globus” na žlutém pozadí s motivem zelené Země kolem. Logo signalizuje
výhodné ceny a slevy v daném obchodě.</p>
<p>Na obrázku je cenovka s informací o zlevněném produktu.</p>
<ul>
<li><strong>Původní cena:</strong> 16,90 Kč</li>
<li><strong>Zlevněná cena:</strong> 12,90 Kč (sleva 23%)</li>
<li><strong>Další zlevněná cena:</strong> 10,90 Kč (sleva 35%)</li>
<li><strong>Značka:</strong> Můj Globus</li>
</ul>
<p>Cenovka informuje o postupné slevě na produkt, přičemž zákazník může
získat výhodnější cenu při splnění určitých podmínek.</p>
<p>Obrázek zobrazuje reklamu na zlevněný produkt.</p>
<p><strong>Popis:</strong> Na červeném pozadí je zobrazeno přeškrtnuté
číslo “179,90”, které představuje původní cenu produktu. Pod tím je
zobrazeno tučně zvýrazněné číslo “99,90”, které představuje novou cenu
po slevě. V pravém horním rohu je kulatý štítek s nápisem “-44%”, což
indikuje procentuální výši slevy. Nad cenami je nápis “AKCE!”, který
zdůrazňuje výhodnou nabídku.</p>
<p><strong>Vysvětlení textu:</strong></p>
<ul>
<li><strong>AKCE!</strong> - upozorňuje na probíhající akční
nabídku.</li>
<li><strong>179,90</strong> - původní cena produktu v českých
korunách.</li>
<li><strong>99,90</strong> - nová, zlevněná cena produktu v českých
korunách.</li>
<li><strong>-44%</strong> - výše slevy v procentech.</li>
</ul>
<p>Zanetti Grana</p>
<p>Padano DOP</p>
<p>200 g</p>
<p>100 g = 49,95</p>
<p>Mozzarella strouhany syr</p>
<p>100 0</p>
<p>100 g za 19,30</p>
<p>Obrázek zobrazuje cenovku s informací o zlevněném produktu.</p>
<ul>
<li><strong>Text na cenovce:</strong> „AKCE!“ – upozorňuje na
probíhající akci.</li>
<li><strong>Původní cena:</strong> 28,90 Kč je přeškrtnutá.</li>
<li><strong>Nová cena:</strong> 19,90 Kč je zvýrazněna.</li>
<li><strong>Sleva:</strong> -31 % – naznačuje procentuální slevu na
produkt.</li>
</ul>
<p>Cenovka je červenobílá a navržena tak, aby upoutala pozornost
zákazníků.</p>
<p>Mozzarella strouhaný sýr 100 g</p>
<p>Eidam strouhaný sýr 100 g za 19,90</p>
<p>DInotucne 3,5% | Ceské republika</p>
<p>Obrázek zobrazuje reklamu na zlevněný produkt.</p>
<p><strong>Text na obrázku:</strong></p>
<ul>
<li><strong>AKCE!</strong> - upozornění na probíhající akci</li>
<li><strong>32,90</strong> - původní cena produktu</li>
<li><strong>-27%</strong> - procentuální sleva</li>
<li><strong>23,90</strong> - nová, zlevněná cena produktu.</li>
</ul>
<p>Z obrázku nelze určit, o jaký produkt se jedná, ale je zřejmé, že je
ve slevě.</p>
<p>Krajanka Mléko čerstvé plnotučné 3,5% 1 l</p>
<p>Obrázek zobrazuje vlajku České republiky. Pod vlajkou je napsáno
“Česká republika”. Jedná se o reklamní prvek, pravděpodobně informující
o produktech vyrobených v České republice, nebo o akcích spojených s
českými produkty. Nelze z obrázku zjistit konkrétní cenu produktu ani
výši slevy.</p>
<p>Olma Florian lanodny Jogurt</p>
<p>5 KOUSKY OVOCE, ruzne druhy</p>
<p>15U q</p>
<p>Lug</p>
<p>235</p>
<h2 id="váš-svět-nízkých-cen-1">VÁŠ SVĚT NÍZKÝCH CEN</h2>
<h2
id="zvolenský-smetanový-jogurt-zvolenský-smetanový-jogurt-zvolenský-smetanový-jogurt-zvolenský-smetanový-jogurt">Zvolenský
Smetanový jogurt Zvolenský Smetanový jogurt Zvolenský Smetanový jogurt
Zvolenský Smetanový jogurt</h2>
<p>dvouvrstvý</p>
<p>různé druhy</p>
<p>145 g</p>
<p>AC: 100 g = 8,90 KC: 100 g = 7,52</p>
<p>Obrázek zobrazuje cenu zlevněného produktu v hypermarketu. Původní
cena produktu byla 21,90 Kč, poté se snížila na 14,90 Kč s 31% slevou a
nakonec se cena snížila na 12,90 Kč s 41% slevou. Produkt je označen
logem “Můj Globus”.</p>
<p>Obrázek zobrazuje reklamu na zlevněný produkt v hypermarketu.</p>
<p><strong>Popis:</strong></p>
<ul>
<li><strong>Původní cena:</strong> 31,90 Kč (vyznačená
přeškrtnutím).</li>
<li><strong>Sleva:</strong> 31 % (označeno dvěma červenými kruhy).</li>
<li><strong>Nová cena:</strong> 21,90 Kč (velkým fontem).</li>
<li><strong>Text:</strong> “AKCE!” (velkým fontem), “MŮJ GLOBUS” (malým
fontem s ikonou srdce).</li>
</ul>
<p><strong>Vysvětlení:</strong> Produkt je v akci a je zlevněný o 31 %.
Původní cena byla 31,90 Kč, nyní je cena 21,90 Kč. Produkt je nabízen v
rámci programu věrnostního hypermarketu Globus.</p>
<p>Rougette na gril</p>
<p>Na obrázku je kelímek jogurtu značky Zvolenský s příchutí cucúriečka
(borůvka). Kelímek je světle modrý s ilustracemi borůvek a zelených
lístků.</p>
<p>Na kelímku je vidět nápis:</p>
<ul>
<li><strong>Zvolenský</strong> – název výrobce.</li>
<li><strong>SMOTANOVÝ JOGURT</strong> – druh produktu.</li>
<li><strong>CUCÚRIEČKA</strong> – příchuť jogurtu (borůvka).</li>
<li><strong>40% ZĽAVA</strong> – nápis signalizuje, že je produkt
zlevněný o 40%. Cena není na obrázku uvedena, pouze procentuální
sleva.</li>
</ul>
<p>Na obrázku je reklama hypermarketu Globus. Dominantní barvou je
zelená a oranžová. V levém horním rohu je logo Globus. Uprostřed je
nápis “MŮJ GLOBUS” s červeným srdíčkem. Pod nápisem je malým písmem
napsáno “TAKY JE KVŮLI TOBĚ VŠAK”. Reklama pravděpodobně inzeruje
věrnostní program nebo obecně výhodné ceny v Globusu. Neobsahuje
konkrétní cenu produktu.</p>
<h2 id="bystřická-pomazánka">Bystřická pomazánka</h2>
<p>různé druhy</p>
<p>Obrázek zobrazuje vlajku České republiky. Pod vlajkou je nápis “Česká
republika”. Nejedná se o zlevněný produkt a neobsahuje žádnou cenu.</p>
<p>200 g</p>
<p>AC: 100 g = 12,45 KC: 100 g = 10,95</p>
<p>Na obrázku je kelímek pomazánky “Bystrická Pomazánka” o hmotnosti
200g. Na štítku je název produktu a jeho množství. Cena není na štítku
vidět.</p>
<p>Na obrázku je kelímek jogurtu Müller Mix.</p>
<p><strong>Popis produktu:</strong> Kelímek obsahuje jogurt s příchutí
vanilky a čokoládové kuličky (tzv. “Choco Balls”). Je to pravděpodobně
snídaňový nebo svačinový produkt.</p>
<p><strong>Text na obrázku:</strong></p>
<ul>
<li><strong>müller:</strong> Značka produktu.</li>
<li><strong>MIX:</strong> Název varianty produktu.</li>
<li><strong>VANILLA JOGURT + CHOCO BALLS:</strong> Popis složení jogurtu
– vanilkový jogurt s čokoládovými kuličkami.</li>
<li>Na spodní straně kelímku je znovu napsáno <strong>MIX</strong>, což
potvrzuje variantu.</li>
</ul>
<p>Obrázek naznačuje, že se jedná o zlevněný/výhodný produkt,
pravděpodobně v hypermarketu. Cena není na obrázku viditelná.</p>
<p>Na obrázku je balení strouhaného sýra Grana Padano značky Zanetti.
Balení je tvarované do špičky a má zelené víčko.</p>
<p>Text na obalu:</p>
<ul>
<li><strong>GRANA PADANO:</strong> Název sýra, což je italský tvrdý
sýr.</li>
<li><strong>FORMAGGI zanetti:</strong> Formaggi znamená sýry v
italštině, Zanetti je značka výrobce.</li>
<li><strong>DAL 1906:</strong> “Od roku 1906” - uvádí rok založení
značky Zanetti.</li>
<li><strong>ESPERIENZA DI FAMIGLIA:</strong> “Rodinná zkušenost”.</li>
<li>Balíček obsahuje označení DOP - chráněné označení původu.</li>
</ul>
<p>Balení je pravděpodobně zlevněné, což naznačuje, že je to produkt
nabízený ve výhodné ceně v hypermarketu. Bohužel cena není na obrázku
uvedena.</p>
<p>Na obrázku je reklama na zlevněný produkt. Původní cena produktu byla
89,90 Kč a je přeškrtnutá. Nyní je produkt ve slevě 22 % a nová cena je
69,90 Kč. Slovo “AKCE!” je napsáno nahoře a zdůrazňuje výhodnou
nabídku.</p>
<p>MIA</p>
<p>bez laktozy 1,5%</p>
<p>Rougette na gril různé druhy</p>
<p>180 g</p>
<p>100 g = 38,83</p>
<p>Obrázek zobrazuje reklamu na zlevněný produkt. Původní cena produktu
je 34,90 Kč, která je přeškrtnutá. Nová, zlevněná cena je 24,90 Kč. V
kruhu je uvedena sleva 28 %. V horní části je napsáno „AKCE!“ s
vykřičníkem.</p>
<p>Kunín Lehké ráno Mléko UHT bez laktózy 1,5% 1 l</p>
<p>ÉTÉ &gt; Kefirové micko, _Jahode</p>
<p>Na obrázku je balení mléka Kunin Lehké ráno s obsahem tuku 1,5%.
Mléko je označeno jako lehce stravitelné a bez laktózy.</p>
<p>Na obalu jsou vidět žluté motýlky a sklenice plná mléka.</p>
<p>Cena produktu je 10,0 (nebo 10,00) Kč.</p>
<p>Obrázek zachycuje balení sýra na grilování “Rougette Cremiger
Grillkäse Natur”. Balení má zelené a bílé provedení s vyobrazením plátku
sýra na grilovací mřížce a vidličkou.</p>
<p><strong>Text na obalu:</strong></p>
<ul>
<li><strong>Rougette:</strong> Název značky.</li>
<li><strong>Cremiger Grillkäse:</strong> Popis produktu – krémový sýr na
grilování.</li>
<li><strong>Natur:</strong> Označuje příchuť – přírodní, bez přidaných
aromat.</li>
<li><strong>2 ks v akci:</strong> Upozornění na výhodnou nabídku –
balení obsahuje 2 kusy slevu.</li>
</ul>
<p>Mm — — . 17 PA LA N WEY Acidofilnimleko</p>
<p>Na obrázku je balení strouhané mozzarelly Melina.</p>
<ul>
<li><strong>Melina</strong> je značka.</li>
<li><strong>Mozzarella Strouhaná</strong> je typ produktu.</li>
<li>Pod produktem je vyobrazena porce těstovin s omáčkou a strouhanou
mozzarellou.</li>
<li>Na dolní části balení je vyobrazen portrét muže, pravděpodobně
zakladatele značky.</li>
<li>Balení váží <strong>100g</strong>.</li>
<li>Na spodní části je uvedena zlevněná cena. Text je obtížně čitelný,
ale zřetelná je část <strong>59,90 Kč</strong>.</li>
</ul>
<p>Obrázek zobrazuje zlevněný produkt z hypermarketu. Původní cena je
přeškrtnutá a činila 159,90 Kč. Nová cena po slevě je 114,90 Kč. Sleva
činí 28%. Text “AKCE!” je napsán velkými písmeny a zdůrazňuje výhodnou
nabídku.</p>
<p>KRI KRI original Řecký jogurt bílý 1 kg 100 g = 11,49</p>
<p>latra</p>
<p>Farmárské máslo || ’ar</p>
<p>Obrázek ukazuje bílou plastovou nádobu s nápisem “Kefírové mléko
Jahoda” s vyobrazením jahody. Nápis dále říká “svěží nakyslá chuť”. Dole
je uvedeno “300g” a vedle toho je červená samolepka s nápisem “SUPER
SLEVA” a upozorněním, že se jedná o výhodnou nabídku. Vedle samolepky je
nápis “13 % tuku”.</p>
<p>Ceske buchty</p>
<p>Obrázek zobrazuje plastový kýbl s řeckým jogurtem značky Kri Kri.
Kýbl je bílý s modrými pruhy. Na přední straně je nápis “my authentic
greek yogurt” a pod tím cena “10,-”. Pod cenou je symbol s procenty a
text “100% Greek Yogurt”. V pravém dolním rohu je uvedena hmotnost “1 kg
e”. Nahoře je uvedeno “authentic greek yogurt” menším písmem. Celkově
jde o zlevněný produkt nabízený v hypermarketu.</p>
<p>Obrázek ukazuje balení plnotučného mléka od výrobce “Krajanka”. Na
přední straně je vyobrazená kráva a nápisy:</p>
<ul>
<li><strong>Krajanka</strong> - Název značky</li>
<li><strong>mléko</strong> - Typ produktu</li>
<li><strong>čerstvé</strong> - Označení čerstvosti</li>
<li><strong>plnotučné</strong> - Informace o tuku</li>
</ul>
<p>V levém dolním rohu je uvedeno množství <strong>1 litr</strong> a
cena <strong>129.90 Kč</strong>. Balení má zelené a oranžové barvy s
ilustrací louky.</p>
<p>5650 q</p>
<p>Obrázek zobrazuje grafický prvek s vlajkou České republiky a textem
“Česká potravina”. Pravděpodobně se jedná o označení potravinářského
produktu, který má původ v České republice. Neobsahuje žádné cenové
informace.</p>
<p>Na obrázku je balení másla “Tatra” s označením “FARMÁŘSKÉ”. Balení má
hmotnost 200g. Na přední straně je vidět výrazný nápis “85% tuku”. Cena
produktu není zřetelná, ale na boční straně je vidět cena ve formátu
“99,90”.</p>
<p>100 y = 9,14</p>
<p>dalsi druhy Wasa za akCni ceny.</p>
<p>Na obrázku je reklama na zlevněný jogurt Olma Florian. Jde o lahodný
jogurt s kousky ovoce v různých příchutích: jahoda, vanilka, malina a
meruňka.</p>
<p><strong>Text na obrázku:</strong></p>
<ul>
<li><strong>„AKCE!“</strong> – upozornění na slevu</li>
<li><strong>„-44%“</strong> – výše slevy</li>
<li><strong>„15,90“</strong> – původní cena</li>
<li><strong>„8,90“</strong> – nová cena</li>
<li><strong>„Olma Florian“</strong> – název produktu</li>
<li><strong>„lahodný jogurt s kousky ovoce, různé druhy“</strong> –
popis produktu</li>
<li><strong>„150 g“</strong> – hmotnost jogurtu</li>
<li><strong>„100 g = 5,93“</strong> – cena za 100 gramů</li>
<li><strong>„Česká potravina“</strong> – informace o původu</li>
<li>Na obalech jogurtů je napsáno „Florian“ a uvedena konkrétní příchuť
(jahoda, vanilka, malina, meruňka).</li>
</ul>
<p>Obrázek zobrazuje slevovou ceduli. Původní cena produktu je 24,90 Kč,
která je přeškrtnutá. Nová cena je 20,90 Kč. Vedle cen je kruh s nápisem
“-16%”, což značí, že produkt je zlevněn o 16%. Nahoře je nápis
“AKCE!”.</p>
<h2 id="kunín">Kunín</h2>
<p>Kefírové mléko,</p>
<p>Acidofilní mléko ochucené, neochucené</p>
<p>různé druhy</p>
<p>300 g</p>
<p>100 g = 6,97</p>
<p>Na obrázku jsou dva produkty v akci z hypermarketu.</p>
<p><strong>První produkt:</strong></p>
<ul>
<li><strong>Název:</strong> České buchty 50% náplně různé druhy</li>
<li><strong>Hmotnost:</strong> 360 g</li>
<li><strong>Cena:</strong> Původní cena 42,90 Kč, nyní 32,90 Kč (sleva
23%)</li>
<li><strong>Cena za 100 g:</strong> 9,14 Kč</li>
<li><strong>Popis:</strong> Jedná se o balení buchet s ovocnou
náplní.</li>
</ul>
<p><strong>Druhý produkt:</strong></p>
<ul>
<li><strong>Název:</strong> Wasa různé druhy</li>
<li><strong>Hmotnost:</strong> 200-275 g</li>
<li><strong>Cena:</strong> Původní cena 62,90 Kč, nyní 44,90 Kč (sleva
28%)</li>
<li><strong>Cena za 100 g:</strong> Od 16,33 Kč</li>
<li><strong>Popis:</strong> Jedná se o balení křehkých chlebů Wasu s
různými příchutěmi.</li>
<li><strong>Text na obalu:</strong> “Fette Croccanti di Segale” a
“Crispy Rye Bread” (křehký žitný chléb), “100% Rye Flour” (100% žitná
mouka), “High in Fibre” (Vysoký obsah vlákniny).</li>
<li><strong>Doplňující informace:</strong> V nabídce jsou i další druhy
Wasy za akční ceny.</li>
</ul>
<p>Obrázek zobrazuje cenovku s označením akce. Původní cena produktu
byla 64,90 Kč, nyní je zlevněna na 56,90 Kč. Sleva činí 12 %. Text
“AKCE!” upozorňuje na výhodnou nabídku.</p>
<p>Tatra Farmářské máslo 200 g 1 kg = 284,50</p>
<p>Müller Mix různé druhy 130 g</p>
<p>AC: 100 g = 11,46 KC: 100 g = 9,92</p>
<h2 id="platnost-23.-4.-29.-4.-2025">platnost 23. 4. – 29. 4. 2025</h2>
<p>Obrázek ukazuje logo hypermarketu Globus. Slovo “Globus” je napsáno
velkými, oranžovými písmeny s bílým obrysem. Logo je orámováno zeleným
kruhem s bílými liniemi, které vytvářejí dojem zeměkoule.</p>
<p>Obrázek samotný nezobrazuje žádný konkrétní zlevněný produkt ani
cenu. Jedná se pouze o logo obchodu.</p>
<p>Na obrázku je promoční leták hypermarketu, který propaguje produkty
od Mlékárny Kunín. Zlevněné produkty jsou:</p>
<ul>
<li><strong>Kunín Pohár</strong> - mléčný dezert v různých druzích
(jahoda, borůvka, čokoláda), balení 150g. Původní cena byla 20,90 Kč,
nyní je zlevněn na 13,90 Kč (sleva 33%). Cena za 100g je 9,27 Kč.</li>
<li><strong>Kunín Smetana 12%</strong> - balení 200g. Původní cena byla
27,90 Kč, nyní je zlevněn na 18,90 Kč (sleva 32%).</li>
</ul>
<p>V horní části letáku je nápis “Cítíme zásady beskydské mlékárny”,
který zdůrazňuje regionální původ a kvalitu produktů. V dolní části
letáku je webová adresa mlékárny: www.mlekarna-kunin.cz.</p>
<p>Na obrázku je prezentováno zlevněné mléko Kunin Lehké ráno 1,5% bez
laktózy.</p>
<p><strong>Popis produktu:</strong></p>
<ul>
<li><strong>Název:</strong> Kunin Lehké ráno</li>
<li><strong>Typ:</strong> Mléko UHT</li>
<li><strong>Obsah tuku:</strong> 1,5%</li>
<li><strong>Vlastnost:</strong> Bez laktózy</li>
<li><strong>Objem:</strong> 1 litr</li>
</ul>
<p><strong>Akce/sleva:</strong></p>
<ul>
<li><strong>Původní cena:</strong> 34,90 Kč</li>
<li><strong>Sleva:</strong> 28%</li>
<li><strong>Nová cena:</strong> 24,90 Kč</li>
</ul>
<p><strong>Text na obrázku:</strong></p>
<ul>
<li>“Mléko bez laktózy. Lehké, snadno stravitelné.”</li>
<li>“Snížený obsah laktózy.”</li>
<li>“Zdravý svět.”</li>
<li>Webové stránky výrobce: www.mlekarna-kunin.cz</li>
</ul>
<p><strong>Další detaily:</strong></p>
<p>Na obrázku je vyobrazena bílá krabice s mlékem a sklenice naplněná
mlékem. V pozadí jsou ilustrace rostlin.</p>
<p>lo “y Bonduelle</p>
<p>“UU q</p>
<p>Ceskä republika</p>
<p>Snack IT</p>
<p>Krajanek Cottage</p>
<p>95-120 g</p>
<p>Obrázek zobrazuje reklamní banner hypermarketu Globus. V levé části
je naznačen oranžový produkt (pravděpodobně pomeranč nebo podobné
ovoce). V pravé části je nápis “Můj Globus” velkým bílým písmem. Pod
nápisem je menší text “každý dny svěží zboží za skvělé ceny”. Celkový
dojem je, že jde o reklamu na čerstvé zboží za výhodné ceny v
hypermarketu Globus.</p>
<p>Obrázek ukazuje zlevněný produkt z hypermarketu. Původní cena
produktu byla 44,90 Kč, která byla přeškrtnuta. Nyní je produkt nabízen
za 29,90 Kč s celkovou slevou 33%. Kolem ceny 29,90 Kč se nachází symbol
srdce a nápis “Můj Globus”, což naznačuje, že se jedná o produkt v rámci
věrnostního programu hypermarketu Globus. V horní části obrázku je nápis
“AKCE!”, který zdůrazňuje výhodnou nabídku. Navíc se v horní části
nachází další sleva -22%, která se vztahuje na původní cenu, než byla
vypočtena finální cena s 33% slevou.</p>
<p>abhidce take</p>
<p>Kureci a kruti Sunka 200 g za 49,90</p>
<h2 id="váš-svět-nízkých-cen-2">VÁŠ SVĚT NÍZKÝCH CEN</h2>
<p>Obrázek zobrazuje balíček šunky „ŠUNKA BOHEMIA“ s označením
„POCTIVÁ“.</p>
<p><strong>Text na obalu:</strong></p>
<ul>
<li><strong>„ŠUNKA BOHEMIA“</strong> - název produktu.</li>
<li><strong>„POCTIVÁ“</strong> - označení kvality.</li>
<li><strong>„90 %“</strong> - výrazná akční cena, pravděpodobně ve
slevě.</li>
<li><strong>„Slevová akce“</strong> - malý text v levém horním rohu s
výší slevy</li>
<li><strong>„Složená cena pro Vás“</strong> - informace o ceně
produktu.</li>
<li>Dále jsou zde drobné texty s popisem složení a výživových
hodnot.</li>
<li>V horní části je viditelný nápis „100“ a nad tím je letopočet
„1927“.</li>
<li>Obrázek staršího muže s čepicí je pravděpodobně spojený s historií
značky.</li>
<li>Na obalu se opakuje nápis „POCTIVÁ BOHEMIA“.</li>
</ul>
<p>Jedná se o reklamní leták nebo obal produktu ve slevě.</p>
<p>Obrázek zachycuje zlevněný produkt v hypermarketu.</p>
<ul>
<li><strong>Původní cena:</strong> 25,90 Kč</li>
<li><strong>Sleva:</strong> 23%</li>
<li><strong>Nová cena:</strong> 19,90 Kč</li>
<li><strong>Další sleva:</strong> 30%</li>
<li><strong>Konečná cena:</strong> 17,90 Kč</li>
<li><strong>Značka/Program:</strong> „Můj Globus“ (logo ve tvaru
srdce)</li>
</ul>
<p>Jedná se o akční nabídku s postupným zlevňováním.</p>
<p>Obrázek zobrazuje výrazný reklamní leták na zlevněný produkt v
hypermarketu, pravděpodobně v síti Globus.</p>
<p><strong>Popis:</strong></p>
<ul>
<li><strong>Původní cena:</strong> 64,90 Kč.</li>
<li><strong>První sleva:</strong> -23 %. Cena po první slevě je 49,90
Kč.</li>
<li><strong>Druhá sleva:</strong> -30 % s nápisem “Můj Globus”.</li>
<li><strong>Finální cena:</strong> 44,90 Kč.</li>
</ul>
<p>Leták je barevný, s výraznými čísly a procenty, aby upoutal pozornost
zákazníků. Je jasně vidět, že se jedná o slevovou akci s postupným
zlevňováním produktu.</p>
<p>kruti sunka 200 g za 49 90</p>
<p>Fuet Extra ng - LA ruzne druhy</p>
<p>Obrázek zachycuje reklamní ceduli s označením slevy. V horní části je
nápis “AKCE!”. Původní cena produktu je 74,90 Kč, která je přeškrtnutá.
Pod ní je uvedena nová, snížená cena 44,90 Kč. Vedle ceny je kruh s
nápisem “-40%”, což naznačuje, že slevy činí 40%.</p>
<p>Obrázek zobrazuje výhodnou nabídku v hypermarketu. Původní cena
produktu byla 69,90 Kč, nyní je zlevněna na 54,90 Kč. Sleva činí 21 %.
Text “AKCE!” upozorňuje na zvýhodněnou cenu. Čísla 90 v cenách jsou
napsána menším písmem, aby se zdůraznila celková cena.</p>
<h2 id="dušená-šunka-výběrová">Dušená šunka výběrová</h2>
<p>200 g</p>
<p>100 g = 22,45</p>
<p>V akční nabídce také Kuřecí a krůtí šunka 200 g za 49,90</p>
<p>Na obrázku je balení dušené šunky značky LE&amp;CO. Balení je
průhledné, takže je vidět růžová šunka uvnitř. Na přední straně balení
je modrý štítek s nápisem „Dušená šunka výběrová“. Pod tím je menším
písmem napsáno „Mercato“. Na modrém štítku je také červená cena, která
je ale rozmazaná a nečitelná. Balení je obklopeno barevnými prvky, které
pravděpodobně naznačují různé druhy ovoce a zeleniny.</p>
<p>Na obrázku je zlevněný produkt s označením „baleno“. Původní cena
produktu byla 89,90 Kč, nyní je zlevněn na 69,90 Kč. Sleva činí 22
%.</p>
<p>Štěpánovské kuřecí mleté maso</p>
<p>500 g 100 g = 13,98 Česká republika</p>
<p>Na obrázku je balení mletého masa značky Rabbit. Balení je plastové,
s částečně viditelným obsahem – mletým masem růžové barvy.</p>
<p>Na štítku je uvedeno:</p>
<ul>
<li><strong>RABBIT</strong> - název značky.</li>
<li><strong>ŠTĚPÁNSKÉ MASO</strong> - druh masa.</li>
<li><strong>Maso z drůbeže</strong> - druh původu.</li>
<li>“Výroba v České republice”</li>
<li><strong>GARANCE PŮVODU 100%</strong> - zdůrazňuje původ masa.</li>
<li>“Pro chov zvířat v dobrých podmínkách”</li>
<li>“Svěží maso”</li>
<li><strong>300g</strong> - hmotnost balení.</li>
</ul>
<p>Štítek má grafické prvky – ilustraci kuřete a symbol vlajky České
republiky.</p>
<ul>
<li></li>
</ul>
<p>9490</p>
<p>15%</p>
<p>Obrázek zobrazuje vlajku České republiky a text “Česká potravina”. To
naznačuje, že se jedná o reklamní sdělení nebo označení pro potravinu,
která má původ v České republice a je pravděpodobně nabízená za výhodnou
cenu v hypermarketu.</p>
<p>79</p>
<p>90</p>
<p>Prima Zmrzlina různé druhy</p>
<p>900 ml</p>
<p>100 ml = 8,88</p>
<p>Na obrázku je balení zmrzliny Prima Vanilková s čokoládovým
toppingem. Zmrzlina je na žlutém podkladu a je zalita čokoládou. V horní
části je logo Prima. Pod logem je nápis “Prima” v červené barvě. Pod tím
je nápis “Vanilková s čokoládovým toppingem”. V levém dolním rohu jsou
ikony, pravděpodobně označující složení nebo certifikáty. Nejde o
zlevněný/výhodný produkt, ale o klasické balení zmrzliny. Bohužel cena
není na obrázku vidět.</p>
<p>Na obrázku je zlevněný produkt z hypermarketu. Původní cena produktu
byla 89,90 Kč, nyní je zlevněna na 54,90 Kč. Sleva činí 38 %. Text
“AKCE!” upozorňuje na výhodnou cenu produktu.</p>
<h2 id="pizza-ristorante">Pizza Ristorante</h2>
<p>různé druhy 216-390 g 100 g od 14,08</p>
<p>Obrázek zobrazuje krabici mražené pizzy Ristorante Pizza Quattro
Formaggi od výrobce Dr. Oetker. Na krabici je vyobrazena částečně
rozkrojená pizza s bohatou sýrovou náplní.</p>
<p>Na krabici se nachází následující text:</p>
<ul>
<li><strong>Ristorante</strong> – název řady pizzy.</li>
<li><strong>Pizza Quattro Formaggi</strong> – druh pizzy (čtyři
sýry).</li>
<li><strong>Richer Topping</strong> – bohatá náplň</li>
<li><strong>Crispier Base</strong> – křupavější základ</li>
<li><strong>Delicier Taste</strong> – lahodnější chuť</li>
</ul>
<p>Cena není na obrázku vidět.</p>
<p>Fuet Extra</p>
<p>170 g</p>
<p>100 g = 32,29</p>
<p>Obrázek zobrazuje slevovou ceduli s informací o zlevněném produktu.
Původní cena produktu byla 41,90 Kč, nyní je zlevněna na 29,90 Kč. Sleva
činí 28%. Cedule je červenobílá a nese nápis “AKCE!”.</p>
<p>Krajánek Cottage pomazánka různé druhy 100 g</p>
<p>Na obrázku je balení pomazky Cottage s lososem výrobce Krajánek.
Balení je z plastu a na štítku je nápis „KRAJÁNEK“ v zelené barvě. Pod
tím je nápis „POMAZKA COTTAGE S LOSOSEM“ psaný bílým písmem na tmavě
modrém pozadí. Pod tím je nápis „ORIGINÁLNI RECEPTURA“. V pravém dolním
rohu je samolepka se slovem „SLEVA“ a nápisem „KRAJÁNEK ZE SVĚTA“. Na
štítku je také čárový kód. Cena produktu je uvedena menším písmem:
109,90.</p>
<p>Obrázek zobrazuje balíček fuet, španělského suchého salámu. Balíček
je bílý s červeným logem výrobce v horní části. Uprostřed je vizuálně
zobrazen samotný salám fuet. V dolní části je vidět španělská vlajka a
označení “Slevová cena 99,90 Kč”.</p>
<h2 id="pečená-masová-sekaná">Pečená masová sekaná</h2>
<p>500 g 41</p>
<p>různé druhy 100 g = 5,98</p>
<p>Na obrázku je balení nakrájené šunky. Jedná se o výrobek “Krány”,
konkrétně “Dělená Krkovička”. Na etiketě je vyobrazen obrázek šunky s
petrželí.</p>
<p>Na etiketě se nachází text: * <strong>Krány</strong> - název výrobce.
* <strong>Dělená Krkovička</strong> - název výrobku. *
<strong>…</strong> - text je částečně nečitelný, ale pravděpodobně se
jedná o další informace o výrobku nebo jeho složení.</p>
<p>V levém horním rohu je uvedena cena. Je částečně nečitelná, ale zdá
se, že se jedná o cenovku s akční slevou.</p>
<ul>
<li></li>
</ul>
<p>6390</p>
<p>29%</p>
<p>44</p>
<p>Pelmeni různé druhy</p>
<p>400 g</p>
<p>100 g = 11,23</p>
<p>Obrázek zachycuje obal mražených pelmeňů značky “PDVAR”.</p>
<p>Na obalu je vyobrazena hromada vařených pelmeňů, doplněných snítkami
petrželky, plátkem česneku a nakrájenou cibulí.</p>
<p>Text na obalu:</p>
<ul>
<li><strong>Pelmeni</strong> – název produktu</li>
<li><strong>s vepřovým masem</strong> – popis náplně</li>
<li><strong>400g</strong> – hmotnost produktu</li>
<li><strong>5-7min</strong> – doporučená doba vaření</li>
<li>Logo PDVAR je v horní části.</li>
<li>V levém horním rohu je modrá ikona sněhové vločky, která indikuje,
že se jedná o mražený produkt.</li>
</ul>
<p>Produkt je nabízen jako výhodný nákup v hypermarketu. Cena není na
obrázku uvedena.</p>
<p>Na obrázku je propagace zlevněného produktu – mražené kukuřice značky
Bonduelle.</p>
<p><strong>Detaily produktu:</strong></p>
<ul>
<li><strong>Značka:</strong> Bonduelle Gold</li>
<li><strong>Produkt:</strong> Zlatá kukuřice (mražená)</li>
<li><strong>Hmotnost:</strong> 300 g</li>
</ul>
<p><strong>Akce:</strong></p>
<ul>
<li><strong>Sleva:</strong> 25 %</li>
<li><strong>Původní cena:</strong> 39,90 Kč</li>
<li><strong>Akční cena:</strong> 29,90 Kč</li>
</ul>
<p><strong>Text na obrázku:</strong></p>
<ul>
<li>„AKCE!“ – Hlavní slogan propagace.</li>
<li>„NA MRAŽENOU ZELENINU ZNAČKY BONDUELLE“ – Označuje, na jakou skupinu
produktů se akce vztahuje.</li>
<li>„PŘÍKLAD CENY“ – Upozorňuje, že se jedná o ilustrační cenu.</li>
<li>Uvedena je původní cena i cena po slevě.</li>
<li>Na obalu výrobku je napsáno „Zlatá kukuřice“.</li>
</ul>
<p>90</p>
<p>Na obrázku je zlevněný produkt s nápisem “AKCE!”. Původní cena
produktu byla 119,90 Kč, nyní je zlevněn na 69,90 Kč. Sleva činí 41
%.</p>
<p>Klobása MÚÚÚ různé druhy 300 g 100 g = 23,30</p>
<ul>
<li></li>
</ul>
<p>19990</p>
<p>35%</p>
<p>129</p>
<p>90</p>
<p>baleno</p>
<p>Uzené šunkové kolínko 1 kg</p>
<p>Obrázek zobrazuje zlevněnou vepřovou šunku, prezentovanou na dřevěné
prkýnku. K šunce jsou přiloženy tři cherry rajčata. Vlevo nahoře je
vidět část žluté cenovky, ale text na ní není čitelný.</p>
<p>Obrázek zobrazuje reklamu na zlevněný produkt. Původní cena produktu
byla 229,90 Kč, nyní je zlevněna o 34 % na 149,90 Kč. Reklama je
vizuálně výrazná, s použitím červené barvy a velkých fontů pro upoutání
pozornosti. Slovo “AKCE!” signalizuje výhodnou nabídku.</p>
<p>Aljašská treska file porce 1 kg</p>
<p>Na obrázku je balení nakrájeného eidamu. Na přední straně je vidět
stoh nakrájených plátků eidamu v plastovém obalu. Na obalu je samolepka
s informacemi o produktu a ceně.</p>
<p><strong>Cena produktu je 99,90 Kč.</strong></p>
<p>Je pravděpodobné, že se jedná o akční cenu, vzhledem k výraznému
nápisu a designu samolepky. Dále je na samolepce napsáno: *
<strong>Název:</strong> Eidam * <strong>Hmotnost:</strong> 500g</p>
<p>Ostatní text je příliš malý nebo rozmazaný, abych ho mohl
přečíst.</p>
<p>Na obrázku je zlevněná zmrzlina značky MROŽ. Platí sleva 40% na
všechny zmrzliny této značky.</p>
<p>Původní cena zmrzliny je 24,90 Kč, nová cena po slevě je 14,90
Kč.</p>
<p>Poctivá</p>
<p>šunka různé druhy 100 g</p>
<p>Obrázek zobrazuje logo hypermarketu Globus. Slovo “Globus” je napsáno
velkými oranžovými písmeny s bílým lemováním na oranžovém pozadí. Nad a
pod textem jsou zelené geometrické obrazce ve tvaru koule. Logo slouží k
identifikaci a propagaci hypermarketu Globus, který nabízí široký
sortiment zboží za výhodné ceny.</p>
<p>Snack IT Kabanos různé druhy 95-120 g AC: 100 g od 41,58 KC: 100 g od
37,42</p>
<p>Na obrázku je obal na tyčinky Kabano’s. Produkt je označen jako
“SNACK IT”. V horní části je nápis “Xtra Large”. Pod ním se nachází
výraz “Kabano’s chilli”. V dolní části je nápis “NOVÁ CENA” a následně
cena <strong>39,90 Kč</strong>. Na obalu je také logotyp s textem “100%
Maso”. Celkový vzhled naznačuje zlevněný produkt v hypermarketu.</p>
<p>Obrázek ukazuje balení kartáčku na nádobí s červenými štětinami a
šedou rukojetí. Balení je transparentní a obsahuje značku “MÚÚÚ”, což je
pravděpodobně značka výrobce.</p>
<p>Na spodní části balení je zelený proužek s nápisem “MÍSTÍČKA -
PRÁDLO”, což naznačuje, že kartáč je vhodný pro čištění mís a praní.</p>
<p>Cena není na obrázku vidět.</p>
<p>L1%</p>
<p>AMY y URI</p>
<p>Viva</p>
<p>Kucharek</p>
<p>ral</p>
<p>11</p>
<p>Rajcatovy protlak</p>
<p>Bramborove noky a mininoky</p>
<p>300 q</p>
<p>AC: 100 g = 14,14 KC: 100 g = 12,71</p>
<p>10 q</p>
<p>AC: 100 a = 5,98 KC: 100</p>
<p>Na obrázku je logo hypermarketu Globus. Slovo “Globus” je napsáno
velkými oranžovými písmeny s bílým stínem na žlutém pozadí. Logo je
obklopeno zeleným ornamentem ve tvaru zeměkoule.</p>
<p>Obrázek pravděpodobně signalizuje slevy a výhodné nabídky v
hypermarketu Globus. Neobsahuje žádné konkrétní informace o cenách
produktů.</p>
<p>GNOCENi di patate</p>
<p>Obrázek zobrazuje zlevněný produkt z hypermarketu. Má dvě části.</p>
<p>Horní část je červená s nápisem “VYHODNĚ!”. Pod ním je velkým
červeným písmem cena <strong>9,90 Kč</strong>.</p>
<p>Spodní část je zelená s logem “MŮJ GLOBUS” a srdíčkem. Pod tím je
velkým červeným písmem nová, zlevněná cena <strong>8,90 Kč</strong>.</p>
<p>Obrázek tedy prezentuje slevu na produkt, původní cena 9,90 Kč byla
snížena na 8,90 Kč.</p>
<p>Brolio</p>
<p>Slunecnicovy olej</p>
<p>Obrázek zachycuje reklamní štítek s označením zlevněného produktu. V
levé horní části je napsáno slovo „AKCE!“ červeným písmem. Původní cena
produktu je 134,90 Kč, která je přeškrtnutá. Pod ní je nová cena 79,90
Kč, napsaná výrazně větším a tučnějším písmem. V pravém horním rohu je
kruh s nápisem „-40%“, což značí výši slevy. Celkově štítek informuje o
slevové akci na daný produkt.</p>
<p>Tabasco různé druhy 57-60 ml 100 ml od 133,17</p>
<p>Obrázek zachycuje reklamu na zlevněný produkt z hypermarketu.</p>
<p><strong>Popis:</strong> Reklama má červenobílý design. Nahoře je
nápis “AKCE!”. V kruhu je uvedena sleva -28%.</p>
<p>Původní cena produktu je 139,90 Kč, která je přeškrtnutá. Nová,
zlevněná cena je 99,90 Kč, která je zobrazena výrazněji.</p>
<p>omacka</p>
<p>Oreo O´s Cereálie 320 g 100 g = 31,22</p>
<p>Obrázek zobrazuje krabici snídaňových cereálií Oreo O’s. Cereálie
jsou tmavě hnědé a světle hnědé, podobné sušenkám Oreo. Jsou zachyceny v
misce s mlékem. V horní části krabice je velké logo “OREO O’S CEREAL”. V
pravém dolním rohu je vidět štítek s informací “10”, pravděpodobně
naznačující množství porcí nebo nějakou akci. Jedná se o produkt z
hypermarketu nabízený za zvýhodněnou cenu.</p>
<p>Na obrázku je reklama na zlevněné luštěniny a přílohy značky Arax.
Konkrétně jsou zde zobrazeny tři balíčky:</p>
<ul>
<li><strong>Čočka</strong> - balení 500g</li>
<li><strong>Fazole</strong> - balení 500g</li>
<li><strong>Cizrna</strong> - balení 500g</li>
</ul>
<p>Reklama hlásá slevu až -27%.</p>
<p>Text na obrázku:</p>
<ul>
<li><strong>AKCE!</strong> - Hlavní nápis upozorňující na slevu.</li>
<li><strong>NA LUŠTĚNINY A PŘÍLOHY ZNAČKY ARAX</strong> - popis zboží,
na které se akce vztahuje</li>
<li><strong>-27%</strong> - velikost slevy</li>
</ul>
<p>Na obrázku je reklama na zlevněnou konzervovanou zeleninu značky
Bonduelle. Konkrétně jsou zobrazeny dvě konzervy:</p>
<ul>
<li><strong>Bonduelle Gold - Zlatá kukuřice:</strong> Konzerva s
fotografii zlate kukuřice.</li>
<li><strong>Bonduelle - Hrášek:</strong> Konzerva s fotografii
hrášku.</li>
</ul>
<p><strong>Text na obrázku:</strong></p>
<ul>
<li><strong>AKCE!</strong> – upozorňuje na probíhající slevovou
akci.</li>
<li><strong>NA VYBRANOU KONZ. ZELENINU BONDUELLE</strong> – specifikuje,
na co se sleva vztahuje.</li>
<li><strong>-36%</strong> – označuje výši slevy, a to 36%.</li>
</ul>
<p>Viva</p>
<p>Rajčatový protlak</p>
<p>70 g</p>
<p>AC: 100 g = 14,14 KC: 100 g = 12,71</p>
<p>Na obrázku je plechovka rajčatového protlaku značky VIVA. Plechovka
má červené pozadí s vyobrazením rajčat a bílé oválné pole s nápisem
“Viva”. Pod tím je napsáno “Rajčatový protlak”. V pravém dolním rohu je
uvedena cena <strong>19,90 Kč</strong>.</p>
<p>Obrázek zobrazuje láhev pikantní omáčky Tabasco. Na štítku je nápis
„TABASCO BRAND PEPPER SAUCE“. Cena ani informace o slevě nejsou na
obrázku viditelné.</p>
<h2 id="váš-svět-nízkých-cen-3">VÁŠ SVĚT NÍZKÝCH CEN</h2>
<p>Krikiiv d</p>
<p>KSTKOVA tort</p>
<p>8990</p>
<ul>
<li></li>
<li></li>
</ul>
<p>55%</p>
<p>3990</p>
<p>61%</p>
<p>34 34</p>
<p>90 490</p>
<p>349 34</p>
<p>90 90</p>
<p>Mio, Maggi napady</p>
<p>Obrázek zobrazuje cenovku z hypermarketu s informací o slevě.</p>
<ul>
<li><strong>Původní cena:</strong> 599,90 Kč je přeškrtnutá.</li>
<li><strong>Sleva:</strong> 41 %</li>
<li><strong>Nová cena:</strong> 349,90 Kč je zobrazena výrazně, aby
upoutala pozornost zákazníků.</li>
<li><strong>Text:</strong> Nahoře je nápis “AKCE!”.</li>
</ul>
<p>Ondoliva Olivový olej extra panenský 1,5 l 1 l = 233,27</p>
<p>Obrázek zobrazuje reklamní banner hypermarketu Globus s nápisem “Můj
Globus”. V levém horním rohu je logo Globusu a v dolní části je drobný
text, který je čitelný jen částečně. Na banneru je také červené srdíčko.
Pravděpodobně jde o propagaci věrnostního programu nebo speciální
nabídky. Konkrétní cena nebo zlevněný produkt není na obrázku vidět.</p>
<p>Třtinový Cukr</p>
<p>1 kg</p>
<p>Na obrázku je balení cukru Trtivý cukr Přírodní. Na přední straně je
velké písmo „TRTIVÝ CUKR“ a pod tím slovo „Přírodní“. Na spodní části je
výraz „SLEVA 20%“. Cukr je zobrazem na pozadí s ilustrací stonků cukrové
třtiny.</p>
<p>Obrázek zobrazuje velkou plastovou láhev olivového oleje značky
Ondoliva. Na štítku je nápis “Ondoliva” a pod ním nápis “Extra Virgin
Olive Oil”. V horní části štítku je žlutý pruh s nápisem “XXL”.
Pravděpodobně se jedná o zlevněný produkt, o čemž svědčí označení “XXL”.
Na štítku je ještě vidět ilustrace olivových větviček. Cena není přímo
uvedena, ale z kontextu se dá usuzovat, že se jedná o zvýhodněné
balení.</p>
<p>Obrázek zachycuje reklamní leták na zlevněné dochucovadlo značky
Kucharek.</p>
<p><strong>Popis produktu:</strong> Jde o balení koření Kucharek,
pravděpodobně univerzálního. Na obalu je vyobrazen kuchař v kuchařské
čepici a pod ním fotografie různých druhů zeleniny.</p>
<p><strong>Textový popis:</strong></p>
<ul>
<li><strong>„AKCE!“</strong> - hlásí výprodej.</li>
<li><strong>„NA DOCHUCVADLA ZNAČKY KUCHAREK“</strong> - upřesňuje, že
sleva se týká produktů této značky.</li>
<li><strong>„PŘÍKLAD CENY“</strong> - informuje, že uvedená cena je
ilustrativní.</li>
<li><strong>„54,90“</strong> - původní cena produktu.</li>
<li><strong>„40,90“</strong> - zlevněná cena produktu.</li>
<li><strong>„-25%“</strong> - výše slevy, která je uvedena na dvou
místech na obrázku.</li>
</ul>
<p>Obrázek zachycuje slevovou cedulku z hypermarketu, pravděpodobně z
prodejny Globus. Jedná se o vícefázovou slevu.</p>
<ul>
<li><strong>Původní cena:</strong> 49,90 Kč</li>
<li><strong>První sleva -40%:</strong> Po slevě 40% je cena 29,90
Kč</li>
<li><strong>Druhá sleva -46%:</strong> Po další slevě 46% je finální
cena 26,90 Kč</li>
</ul>
<p>Text na cedulce: * <strong>AKCE!</strong> – upozorňuje na probíhající
akci * <strong>MŮJ GLOBUS</strong> – logo prodejny</p>
<p>44</p>
<p>90</p>
<p>Brölio</p>
<p>Slunečnicový olej</p>
<p>1 l</p>
<p>Obrázek zobrazuje cenovku s nápisem “VYHODNĚ!”. Cena produktu je
84,90 Kč. Níže se nachází několik procent, pravděpodobně označujících
slevu.</p>
<p>Exotic Food</p>
<p>Sladká čili omáčka</p>
<p>725 ml</p>
<p>100 ml = 11,71</p>
<p>Bramborové noky a mininoky</p>
<p>500 g</p>
<p>AC: 100 g = 5,98 KC: 100 g = 5,38</p>
<p>Obrázek zobrazuje balení těstovin gnocchi di patate (bramborové noky)
od značky Cucina Italiana. V levém horním rohu je nápis “Gnocchi di
patate”, což je italský název pro bramborové noky. Pod tím se nachází
logo “Cucina Italiana”. V levém dolním rohu je vyznačen výprodej s
nápisem “80% sleva”, a pod tím je cena “59,90 Kč”. Na obrázku je
viditelné balení těstovin s obrázkem noků v omáčce a zeleninou.</p>
<p>Obrázek zobrazuje plastovou láhev s rostlinným olejem značky Bröllio.
Na štítku je vyobrazen slunečnicový motiv a nápis “Bröllio - rafinovaný
slunečnicový olej”. Cena produktu je 79,90 Kč.</p>
<p>Na obrázku je láhev omáčky Exotic Food s názvem “Sladká čili omáčka”.
Na etiketě je vyobrazena fotografie pokrmu s omáčkou a chilli
papričkami.</p>
<p>Na etiketě se dále nachází nápisy:</p>
<ul>
<li><strong>Exotic Food</strong> - název značky</li>
<li><strong>Skladka čili omáčka</strong> - název produktu</li>
<li><strong>Výhodná cena</strong> (na horní části) - signalizuje, že se
jedná o zlevněný produkt.</li>
<li><strong>19,9⁰</strong> - cena produktu v Kč.</li>
<li><strong>70%</strong> - procentuální slevu.</li>
</ul>
<p>Na obrázku je reklamní leták s nabídkou zlevněné sójové omáčky značky
Kikkoman. Je zde vidět dvě lahvičky sójové omáčky.</p>
<p>Text na letáku:</p>
<ul>
<li><strong>AKCE!</strong> - upozorňuje na probíhající slevovou
akci.</li>
<li><strong>NA SOJOVÉ OMÁČKY ZNAČKY KIKKOMAN</strong> - specifikuje, na
jaké produkty se sleva vztahuje.</li>
<li><strong>-45%</strong> - vyjadřuje výši slevy.</li>
</ul>
<p>Na obrázku je reklama na zlevněné produkty značky Dr. Oetker. Nabídka
se týká pekárenských směsí, jak slaných, tak sladkých, s 30% slevou.
Zobrazeny jsou dva konkrétní produkty:</p>
<ul>
<li><strong>Krtekův dort:</strong> Krátková torta s obrázkem Krtečka na
obalu.</li>
<li><strong>Choco Love:</strong> Balení s čokoládovými dortíčky.</li>
</ul>
<p>Obrázek obsahuje text “AKCE!”, “NA PEČÍCÍ SLANÉ I SLADKÉ SMĚSI ZNAČKY
DR.OETKER” a “30%”.</p>
<p>Na obrázku je zlevněný produkt Maggi, konkrétně instantní nudle s
omáčkou v různých druzích.</p>
<p><strong>Popis produktu:</strong></p>
<ul>
<li><strong>Název:</strong> Maggi Asia, Dobrý Hostinec, Amore Mio, Maggi
nápadné těstoviny s omáčkou, různé druhy</li>
<li><strong>Hmotnost:</strong> 30-153 g</li>
<li><strong>Cena:</strong> 32,90 Kč</li>
<li><strong>Cena za 100 g:</strong> 21,50 Kč</li>
<li><strong>Označení:</strong> Produkt je označen jako “Výhodné!” a je
patrné, že jde o zlevněný produkt.</li>
</ul>
<p>Na obrázku je reklama na akci s produkty Maggi. Nabídka spočívá v
možnosti vyhrát pánev. K získání pánev je nutné zakoupit 15 kusů
produktů Maggi. Na obrázku jsou vyobrazeny dva druhy nudlí Maggi
Stir-Fry Noodles: v příchuti Teriyaki a v příchuti Chicken Curry.</p>
<p><strong>Text na obrázku:</strong></p>
<ul>
<li>“VYHRAJTE PÁNEV FABINI” - hlavní slogan akce.</li>
<li>“15 kusů” - počet zakoupených produktů pro možnost výhry.</li>
<li>“Akce se vztahuje na vybrané výrobky Maggi v období od 1. 3. 2025 do
30. 4. 2025.” - informace o platnosti akce a na jaké produkty se
vztahuje.</li>
<li>“Více informací naleznete na www.nestle-akce.cz” - odkaz na webovou
stránku s podrobnějšími informacemi o akci.</li>
</ul>
<p>Figaro Coko Piskoty</p>
<p>en</p>
<p>4 BERCOFF } «</p>
<p>Obrázek zobrazuje reklamní leták hypermarketu Globus. Na letáku je
vyobrazeno logo Globusu v levém horním rohu a vpravo nápis “Můj Globus”
velkým bílým písmem s červeným srdcem. Pod tím je drobnějším písmem
napsáno “TAKY SE SVĚTÍ POČI VAŠE PŘÁNÍ”. Celý leták má zelené pozadí s
oranžovým páskem vlevo. Není zde žádná cena ani konkrétní produkt, pouze
obecná reklama na hypermarket.</p>
<p>Obrázek zachycuje zlevněný produkt s informací o staré a nové
ceně.</p>
<ul>
<li><strong>Horní část:</strong> Označuje původní cenu produktu, která
činí 27,90 Kč. Nad cenou je nápis „VYHODNĚ!“ v červeném rámečku.</li>
<li><strong>Spodní část:</strong> Ukazuje novou, zlevněnou cenu 24,90
Kč. Je umístěna pod logem “Můj Globus” s ikonou srdce.</li>
</ul>
<p>Celkově obrázek informuje zákazníka o slevě na daný produkt.</p>
<p>Obrázek zachycuje cenovku s nápisem “VYHODNĚ!” nahoře a cenou “49,90”
velkým červeným písmem. Cena je v českých korunách a desetinná místa
jsou oddělena čárkou. Předpokládá se, že se jedná o cenu zlevněného
produktu v hypermarketu.</p>
<p>Hobžovy</p>
<p>Strážnické</p>
<p>brambůrky</p>
<p>česnekové a jemně</p>
<p>solené</p>
<p>300 g</p>
<p>100 g = 16,63</p>
<h2 id="váš-svět-nízkých-cen-4">VÁŠ SVĚT NÍZKÝCH CEN</h2>
<p>Obrázek zobrazuje zlevněný produkt v hypermarketu. Původní cena
produktu byla 54,90 Kč, která byla slevou 38 % snížena na 33,90 Kč.
Následně byla cena znovu zlevněna o 45 %, čímž se konečná cena dostala
na 29,90 Kč. V dolní části je logo „Můj Globus“.</p>
<p>Obrázek zachycuje dva štítky s cenovkami z hypermarketu,
pravděpodobně z prodejny Globus.</p>
<ul>
<li><strong>Horní štítek:</strong> Je červený s nápisem “VYHODNĚ!”. Cena
je uvedena jako 9,90 Kč.</li>
<li><strong>Dolní štítek:</strong> Je zelený s nápisem “Můj Globus” a
symbolem srdce. Cena je uvedena jako 7,90 Kč.</li>
</ul>
<p>Z obrázku vyplývá, že se jedná o zlevněný produkt, původní cena byla
9,90 Kč a nová cena je 7,90 Kč.</p>
<p>Figaro Čoko Piškoty různé druhy</p>
<p>147 g</p>
<h2 id="maretti-bruschette-chips">Maretti Bruschette Chips</h2>
<p>AC: 100 g = 18,98 KC: 100 g = 16,94</p>
<p>Na obrázku je balení sušenek “Coko piškoty” od firmy Opavia. Balení
je v červených barvách s bílým nápisem “Coko piškoty”. Pod nápisem je
napsáno “Mileno”. Na obalu jsou zobrazeny sušenky potažené čokoládou.
Jedná se o zlevněný/výhodný produkt z hypermarketu. Cena není na obrázku
uvedena.</p>
<p>Obrázek zachycuje obal většího rodinného balení bramborových chipsů
značky Party.</p>
<p>Na obalu je vyobrazeno následující:</p>
<ul>
<li><strong>Party balení:</strong> Označení, že se jedná o velké,
rodinné balení.</li>
<li><strong>Hořčičné:</strong> Chuť chipsů.</li>
<li><strong>Strážnické bramburky:</strong> Název produktu.</li>
<li><strong>Jemná sůl:</strong> Důraz na jemnost soli.</li>
<li><strong>Zlevněno:</strong> Na obalu je vidět kulaté logo s nápisem
„Zlevněno“.</li>
<li><strong>Cena:</strong> V dolní části obalu je uvedena cena produktu:
69,90 Kč.</li>
<li><strong>Logo obchodu:</strong> V pravém dolním rohu je logo
hypermarketu Albert.</li>
</ul>
<p>Obal má žluté pozadí s prvky evokující oslavu. V centru je vyobrazeno
několik chipsů s posypem a otevřená miska s chipsy. Celkově se jedná o
reklamní snímek, který láká zákazníky na výhodnou cenu a chuť
bramborových chipsů.</p>
<p>Obrázek zachycuje propagační štítek s informací o zlevněném
produktu.</p>
<p>V horní části štítku je nápis “AKCE!”. Vedle něj je umístěn kruhový
štítek s nápisem “-33%”, který indikuje procentuální slevu.</p>
<p>Původní cena produktu je vyznačená jako “32,90 Kč”, přičemž je
přeškrtnuta, což naznačuje, že se nejedná o aktuální cenu.</p>
<p>Nová, snížená cena je zvýrazněna červeným písmem jako “21,90 Kč”.</p>
<p>Celkový dojem je, že se jedná o reklamu na produkt, který je nyní
levnější o 33 % a prodává se za 21,90 Kč.</p>
<h2 id="opavia-zlaté-polomáčené">Opavia Zlaté Polomáčené</h2>
<p>různé druhy 145-150 g 100 g od 14,60</p>
<p>Na obrázku je balení sušenek Opavia Polomáčené, s příchutí čokolády.
Balení má žlutou barvu s červenými prvky.</p>
<p><strong>Text na obalu:</strong></p>
<ul>
<li><strong>OPAVIA</strong> (logo značky)</li>
<li><strong>1898</strong> (rok založení značky)</li>
<li><strong>Polomáčené</strong> (název sušenek)</li>
<li><strong>hořké / mléčné</strong> (varianty příchutí)</li>
<li><strong>Rodinné balení</strong></li>
<li><strong>150g</strong> (hmotnost)</li>
</ul>
<p>Na balení je také symbol označující, že jde o výhodné rodinné balení.
Cena není na obrázku uvedena.</p>
<p>29 90</p>
<p>Teekanne Čaj bylinný, funkční různé druhy 16-54 g 100 g od 55,37</p>
<p>Na obrázku je krabička bylinkového čaje Teekanne Žaludek a
střeva.</p>
<p>Na přední straně krabičky je velké logo Teekanne s nápisem “1882” a
obrázek konvice. Pod tím je napsáno “Žaludek a střeva” velkým písmem.
Pod tím je menším písmem uvedeno “Bylinná směs vhodná pro zažívací a
střevní procesy”.</p>
<p>Vlevo dole je menší logo Teekanne a nápis “10 sáčků 8,2 g”. Na pravé
straně je nápis v červeném rámečku, ale text je nečitelný. Celkový
vzhled naznačuje, že se jedná o zlevněný/výhodný produkt, pravděpodobně
v hypermarketu.</p>
<p>Na obrázku je reklama na zlevněnou kávu Jacobs Velvet.</p>
<p><strong>Popis produktu:</strong></p>
<ul>
<li><strong>Produkt:</strong> Káva Jacobs Velvet</li>
<li><strong>Typ:</strong> Zrnková nebo mletá (není specifikováno, na
které se akce vztahuje)</li>
<li><strong>Původní cena:</strong> 499,90 Kč</li>
<li><strong>Sleva:</strong> 30%</li>
<li><strong>Výsledná cena:</strong> 349,90 Kč</li>
</ul>
<p><strong>Text na obrázku:</strong></p>
<ul>
<li><strong>„AKCE!“</strong> – Hlavní slogan, upozorňující na
slevu.</li>
<li><strong>„NA VYBRANOU ZRNOVOU A MLETOU KÁVU ZNAČKY JACOBS
VELVET“</strong> – Popis produktu, na který se akce vztahuje.</li>
<li><strong>„PŘÍKLAD CENY“</strong> - Upozornění, že cena je
ilustrační.</li>
<li><strong>„-30%“</strong> – Označení výše slevy, opakující se v
kruhových rámečcích.</li>
</ul>
<p>Obrázek je barevný a design je typický pro reklamní letáky
hypermarketů.</p>
<p>různé druhy 140 g AC: 100 g = 24,21 KC: 100 g = 21,36</p>
<p>Obrázek zachycuje balení chipsů značky Maretti Bruschette s příchutí
Mushroom &amp; Thyme. Na obalu je znázorněna mísa plná chipsů s houbami
a bylinkami, vedle ní miska s bílým krémem.</p>
<p>Text na obalu: * <strong>Maretti</strong> – název značky *
<strong>OVEN BAKED</strong> – chipsy jsou pečené, nikoliv smažené *
<strong>Bruschette CHIPS</strong> – typ chipsů a jejich chuť *
<strong>MUSHROOM &amp; THYME</strong> – příchuť chipsů (houby a
tymián)</p>
<p>Bohužel cena není na obrázku vidět, takže nelze říci, zda se jedná o
zlevněný produkt a jaká je jeho cena.</p>
<p>Na obrázku je reklamní cedulka z hypermarketu, která láká na výhodnou
cenu produktu.</p>
<p><strong>Text na cedulce:</strong></p>
<ul>
<li><strong>“VYHODNĚ!”</strong> - Jedná se o výkřik, který má upoutat
pozornost a signalizovat, že se jedná o zlevněný produkt.</li>
<li><strong>“37⁹⁰”</strong> - Cena produktu je 37,90 Kč. Číslo 90 je
napsáno menším fontem, což signalizuje desetinná místa.</li>
</ul>
<p>Jedná se o běžný typ reklamy v obchodech, která má motivovat
zákazníky k nákupu.</p>
<p>Bohemia Kotlíkové brambůrky různé druhy 100 g</p>
<p>Obrázek zobrazuje balení bramborových chipsů Kotlíkové od výrobce
Bohemia. Balení má červenou barvu s bílým podkladem. Na přední straně je
výrazně napsáno „Kotlíkové Brambůrky“ a pod tím „Mořská sůl“. V dolní
části balení je vidět cena, která je v malém fontu a je uvedena jako
29,90 Kč. Zdá se, že jde o zlevněný nebo výhodný produkt, protože je
cena zvýrazněna. Na obrázku jsou také zobrazeny chipsy Kotlíkové.</p>
<p>Na obrázku je červeně orámovaný štítek s nápisem “VYHODNĚ!”.
Uprostřed je velkým červeným písmem zobrazena cena “29⁹⁰”. Malým písmem
pod čísly je uvedeno “90”, což značí haléře. Pod cenou jsou opakovaně
uvedena procenta, která pravděpodobně slouží jako dekorace.</p>
<h2 id="lotus-sušenky">Lotus Sušenky</h2>
<p>různé druhy 150-250 g 100 g od 11,96</p>
<p>Na obrázku je balení sušenek Biscoff od výrobce Lotus. Balení je
červené barvy a na přední straně je velké bílé logo “Biscoff”. Nad logem
se nachází logo Lotus ve tvaru květu. Vpravo je vyobrazen jeden Biscoff
sušenka. V dolním pravém rohu je uvedena váha produktu - 250g. Cena není
na obrázku vidět.</p>
<p>Na obrázku je zlevněný produkt. Původní cena produktu je 139,90 Kč,
která je přeškrtnutá. Nová cena po slevě je 89,90 Kč. Uvedena je sleva
-35%. V horní části je nápis “AKCE!”.</p>
<p>Lipton Čaj různé druhy 138-200 g 100 g od 44,95</p>
<p>Na obrázku je balení sypaného čaje Lipton Yellow Label. Balení má
žluté pozadí s bílými vlnkami.</p>
<p><strong>Text na balení:</strong></p>
<ul>
<li><strong>Lipton:</strong> Značka čaje.</li>
<li><strong>YELLOW LABEL:</strong> Označuje konkrétní řadu čaje
Lipton.</li>
<li><strong>RICH NATURAL TASTE:</strong> Popisuje chuť čaje jako bohatou
a přirozenou.</li>
<li><strong>100 sáčků:</strong> Udává množství sáčků čaje v balení.</li>
<li><strong>ZLEVNĚNO O 49,90 Kč:</strong> Uvádí, že je produkt zlevněn o
49,90 Kč.</li>
<li>V pravém horním rohu je uvedeno <strong>„DOVOZ“</strong> a na balení
je zobrazen symbol recyklace.</li>
<li>Na balení je ilustrace šálku čaje s lístkem.</li>
</ul>
<p>Obrázek zobrazuje reklamní leták s informací o slevě na žvýkačky
Orbit a Airwaves.</p>
<p><strong>Popis produktu:</strong></p>
<p>Na obrázku jsou zobrazeny dva balíčky žvýkaček Orbit ve velikosti
XXL. Jeden balíček má zelenou barvu a druhý modrou.</p>
<p><strong>Text na obrázku:</strong></p>
<ul>
<li><strong>AKCE!</strong> - velký nápis upozorňující na probíhající
akci.</li>
<li><strong>-25%</strong> - nápis uvádí výši slevy na produkty.</li>
<li><strong>NA VYBRANÉ ŽVÝKAČKY ZNAČKY ORBIT A AIRWAVES</strong> -
vysvětlení, na jaké produkty se sleva vztahuje.</li>
<li><strong>XXL</strong> - označení velikosti balení žvýkaček.</li>
</ul>
<p>Cena na obrázku není uvedena.</p>
<h2 id="papita">Papita</h2>
<p>různé druhy</p>
<p>18-33 g</p>
<p>AC: 100 g od 30,- KC: 100 g od 23,94</p>
<p>Obrázek zobrazuje zlevněný produkt v hypermarketu. Původní cena
produktu byla 59,90 Kč, nyní je zlevněna na 29,90 Kč. Zlevnění činí 50
%.</p>
<p>Bohemia Z Pece chipsy</p>
<p>různé druhy</p>
<p>100 g</p>
<p>Na obrázku je balení bramborových chipsů Bohemia Z pece s příchutí
mořské soli.</p>
<p>Na přední straně balení je vidět výrazné logo “Bohemia” v červené
barvě. Pod ním je nápis “Z PECE” a pod tím “MOŘSKÁ SŮL”. V dolní části
balení je vidět modrý rámeček s nápisem „-70%“ s menším fontem
„PŘEDCHOZÍ CENA“, což naznačuje, že produkt je ve slevě. Uvedená cena
není vidět, ale sleva je 70%.</p>
<p>Obrázek zobrazuje kruhovou samolepku, která signalizuje novinku v
hypermarketu Globus.</p>
<ul>
<li><strong>Barvy:</strong> Samolepka je kombinací zelené a bílé barvy.
Horní polovina je zelená, dolní polovina bílá.</li>
<li><strong>Symbol:</strong> V zelené části je stylizovaná hvězda.</li>
<li><strong>Text:</strong> Na bílé části je napsáno velké písmeny slovo
“NOVÉ” a pod ním menším písmem “v Globusu”.</li>
</ul>
<p>Samolepka slouží k označení produktů, které jsou nově v nabídce v
hypermarketu Globus.</p>
<p>Orion Margot různé druhy</p>
<p>Obrázek zobrazuje cenu zlevněného produktu v hypermarketu.
Dominantním prvkem je velké červené číslo “14” s menším číslem “90” v
dolní indexu, což značí cenu 14,90 Kč. Nad cenou se nachází nápis
“VYHODNĚ!” v červeném písmu. Spodní část je orámovaná řadou procentních
znaků, což naznačuje slevu.</p>
<p>80 g 100 g = 18,63</p>
<p>Obrázek ukazuje obal sušenky Margot. Jde o čokoládovou sušenku s
kokosem.</p>
<p>Na obalu je velké bílé písmo “Margot”. Pod ním je obrázek sušenky s
viditelnou čokoládovou polevou a kokosovou náplní. V pozadí je modré
nebe a vycházející slunce.</p>
<p>V levém dolním rohu je nutriční tabulka a označení (čísla a barvy)
pravděpodobně indikující výživové hodnoty a kategorii produktu.</p>
<ul>
<li></li>
</ul>
<p>37</p>
<p>90</p>
<p>29%</p>
<p>26</p>
<p>90</p>
<p>Bercoff Čaj ovocný a bylinný různé druhy 24-40 g 100 g od 67,25</p>
<p>Na obrázku je balení ovocného čaje značky Bercoff v příchuti grep a
jahoda. Na obalu je zobrazena čerstvá jahoda, plátky grepu a lístky
zeleně.</p>
<p>Text na obalu:</p>
<ul>
<li><strong>BERCOFF</strong> - Značka čaje.</li>
<li><strong>Prémiový ovocný čaj</strong> - Označení typu čaje.</li>
<li><strong>GREP JAHODA</strong> - Příchuť čaje.</li>
<li><strong>Zdroj zinku</strong> - Informace o obsahu zinku v čaji.</li>
</ul>
<p>Na obalu je také vidět výhodové označení nebo slevovou nálepku, ale
cena není čitelná.</p>
<p>Na obrázku je reklama na zlevněné cukrovinky Lentilky od výrobce
Orion. Platí sleva 30%. Na obrázku jsou dva druhy Lentilek: s bílou
čokoládou a s modrou barvou a hvězdičkami.</p>
<p>Obrázek obsahuje logo hypermarketu Globus. Je tvořeno oranžovými
písmeny s bílým stínem, umístěnými v obrysu zeměkoule s zelenými
plochami. Jedná se o logo, které signalizuje možnost nákupu zboží v
tomto obchodním řetězci. Cena ani žádný konkrétní zlevněný/výhodný
produkt nejsou na obrázku viditelné.</p>
<p>Obrázek zobrazuje logo hypermarketu Globus. Je provedeno v oranžové
barvě s bílým ohraničením a zeleným pozadím ve tvaru zeměkoule. Text
“Globus” je napsán velkým písmem.</p>
<p>Nemohu popsat zlevněný/výhodný produkt, protože na obrázku žádný
není.</p>
<p>Obrázek zobrazuje reklamní leták na instantní kávu Jacobs Velvet.</p>
<p><strong>Popis produktu:</strong></p>
<p>Na letáku jsou dva druhy kávy Jacobs Velvet Crema:</p>
<ul>
<li><strong>Jacobs Velvet Crema</strong> (v červené nádobě) - označená
jako “original”.</li>
<li><strong>Jacobs Velvet Gold Crema</strong> (v tmavě hnědé nádobě) -
označená jako “gold”.</li>
</ul>
<p>Obě nádoby mají objem 500g a jsou označeny nápisem “Sourcing for
better”.</p>
<p><strong>Text na obrázku:</strong></p>
<ul>
<li><strong>“Najdi svůj Velvet”</strong> - Hlavní slogan reklamy.</li>
<li><strong>“VYHODNĚ!”</strong> - Upozornění na zlevněný produkt.</li>
<li><strong>“159⁹⁰”</strong> - Cena zlevněného produktu v českých
korunách (Kč).</li>
<li><strong>“Jacobs Velvet instantní káva 500g”</strong> - Popis
produktu.</li>
<li><strong>“100g = 31,98Kč”</strong> - Cena za 100g produktu.</li>
<li><strong>“Sourcing for better”</strong> - Označení na produktech,
zdůrazňující původ a kvalitu surovin.</li>
</ul>
<p>Leták má tmavě zelené pozadí s elegantními zlatými detaily a vzory,
které zdůrazňují prémiový charakter produktu.</p>
<h2 id="platnost-23.-4.-29.-4.-2025-1">platnost 23. 4. – 29. 4.
2025</h2>
<p>Obrázek obsahuje logo hypermarketu Globus. Logo je oválné, s
oranžovým nápisem “Globus” a zeleným detailem ve tvaru planety Země.
Jedná se o reklamu hypermarketu, kde se dají nakoupit potraviny a další
produkty za výhodné ceny.</p>
<p>Omlouvám se, ale na obrázku nevidím žádný zlevněný produkt ani text.
Je zde pouze fotografie palmových stromů. Proto nemohu popsat žádný
produkt ani vysvětlit text, který by na obrázku byl.</p>
<h2
id="druid-prémiové-trtinové-cukry-patri-mezi-nejkvalitnéjsi-na-svete">Druid
prémiové trtinové cukry patri mezi nejkvalitnéjsi na svete!</h2>
<p>Pochäzeii prevazné z exotickych ostrovú Mauricius a Réunion, které
jsou proslulé nejen svou unikätni pfirodou, ale take ideálnim klimatem
pro péstovani prvotriani cukrové titiny.</p>
<h2 id="prirodni-slozeni">100% prirodni slozeni</h2>
<p>Cukry Druid jsou nebarvené, chemicky nerafinované a plné prirodnich
minerálú. Diky Setrnemu zpracoväni si zachovávají svou jedineënou chuf a
aroma.</p>
<h2 id="eticka-a-udrzitelna-vyroba">Eticka a udrzitelna vyroba</h2>
<p>Spolupracujeme pouze s peclivé vybranymi dodavateli z Mauritius Sugar
Syndicate, ktefí se zavázali k udrzitelnému zemedeistvi. Düraz kladou na
efektivni vyuZivéni prirodnich zdrojü, ekologickou odpovédnost a
dodrzoväni etickÿch a sociälnich standardu.</p>
<p>Obrázek zachycuje pole kukuřice s nápisem “Druid” v červeném rámečku.
Jedná se o reklamní leták, pravděpodobně hypermarketu, který nabízí
kukuřici ve zlevněné ceně. Bohužel není vidět konkrétní cena ani
procento slevy.</p>
<p>Na obrázku je vidět kruhové označení produktu s nápisem „100%
Natural“. Uvedená cena je 2,00 Kč. Zlevněný produkt z hypermarketu s
přírodním složením.</p>
<p>Na obrázku je balení cukru třtinového s názvem “Mauritius”. Balení má
tvar štítu s motivem tropické krajiny, konkrétně pláže a palmy.
Dominantní barvy jsou hnědá, béžová a bílá.</p>
<p>Na přední straně balení je velkým písmem nápis “Mauritius” a pod ním
“Cukr třtinový”. Pod tímto nápisem je anglický překlad “Coffee
Crystals”. V levém horním rohu je nápis “Cane sugar” a v dolní části je
logo “Drud”.</p>
<p>Balení je umístěno na paletě spolu s dalšími baleními cukru, což
naznačuje, že se jedná o zlevněný nebo výhodný produkt nabízený v
hypermarketu.</p>
<p>Obrázek zachycuje balení cukru značky Druid, konkrétně třtinového
cukru “very dark”.</p>
<ul>
<li><strong>Grafický design:</strong> Balení má výrazný etnický design s
modrými a hnědými vzory, které připomínají africké motivy. V horní části
je logo značky Druid.</li>
<li><strong>Text na obalu:</strong>
<ul>
<li><strong>TŘTINOVÝ CUKR:</strong> Hlavní nápis, který identifikuje
produkt.</li>
<li><strong>very dark:</strong> Uvádí typ cukru - velmi tmavý.</li>
<li><strong>Přírodní cukr z cukrové třtiny (nebarvený):</strong>
Popisuje původ a vlastnosti cukru.</li>
<li><strong>skvělý na pečení + do teplých nápojů:</strong> Doporučuje
použití cukru.</li>
</ul></li>
</ul>
<p>Cena produktu na obrázku není uvedena.</p>
<p>Na obrázku je balení cukru značky Druid, konkrétně cukru trstinového
Mauritius Dry Demerara.</p>
<p>Na přední straně balení je vidět nápis:</p>
<ul>
<li><strong>Druid</strong> (značka)</li>
<li><strong>Mauritius</strong> (typ cukru)</li>
<li><strong>CUKR</strong> (velkým písmem, označuje produkt)</li>
<li><strong>TRSTINOVÝ</strong> (určení cukru)</li>
<li><strong>Dry Demerara</strong> (konkrétní druh trstinového
cukru)</li>
<li><strong>Zlevněno</strong> - je vidět nápis “Zlevněno”, který
signalizuje, že produkt je ve slevě.</li>
</ul>
<p>Balení má modrou barvu s ilustracemi cukrové třtiny. Je zřetelný
nápis “PREMIUM” ve zlaté hvězdě.</p>
<p>Na obrázku je balení cukru třtinového přírodního. Balení je světle
béžové barvy s ilustrací listů cukrové třtiny v tmavě hnědé barvě.</p>
<p>Na přední straně balení je velkým písmem nápis “TŘTINOVÝ CUKR”. Pod
tím je menším písmem doplněno “Přírodní”. V levém dolním rohu je malé
kulaté logo s nápisem “CANE SUGAR”. Cena produktu není na obrázku
vidět.</p>
<p>Obrázek zobrazuje balíček cukru značky Druid. Jedná se o třtinový
cukr “very dark” (velmi tmavý). Balení má výrazný etnický vzor v
červené, oranžové a modré barvě.</p>
<p>Na přední straně balení je napsáno:</p>
<ul>
<li><strong>Druid</strong> (logo značky)</li>
<li><strong>TŘTINOVÝ CUKR</strong> (hlavní název produktu)</li>
<li><strong>very dark</strong> (typ cukru)</li>
<li><strong>skvělý na pečení - do teplých nápojů</strong> (popis
využití)</li>
<li>Malý modrý rámeček s textem: <strong>Přírodní cukr nerafinovaný z
cukrové třtiny</strong></li>
</ul>
<p>Cena produktu není na obrázku viditelná.</p>
<p>Prirodni trtinove cukry DRUID spicková kvalita z exotickych
ostrovu</p>
<p>ViniumeExclusive @ |. VVHODNE! | Semtex L VWVHODNE! | Professorado
ruzné druhy e | Amnn |! rüuznédruhy | amnmaann IP</p>
<p>Obrázek ukazuje logo hypermarketu Globus. Text “Globus” je napsán
velkými oranžovými písmeny s bílým stínem. Písmena jsou uspořádána v
oblouku kolem zelené kulaté grafiky, která připomíná Zemi nebo planetu.
Celý design signalizuje výprodej nebo akční nabídku v rámci hypermarketu
Globus.</p>
<h2 id="váš-svět-nízkých-cen-5">VÁŠ SVĚT NÍZKÝCH CEN</h2>
<p>L</p>
<p>Na obrázku je reklama hypermarketu Globus s nápisem “Můj Globus”. V
levém horním rohu je logo Globusu a v dolní části text “TAKY SE DIVÍTE,
CO VŠECHNO MÁME?”. Reklama je zelené barvy s oranžovým detailem v levé
části a červeným srdíčkem. Neobsahuje informace o ceně konkrétního
produktu.</p>
<p>Obrázek zachycuje cenu zlevněného produktu v hypermarketu. V horní
části je červený rámeček s nápisem “VÝHODNĚ!” a cenou 109,90 Kč. Pod tím
se nachází zelený rámeček s logem “Můj Globus” a cenou 98,90 Kč. Jedná
se o slevu, protože původní cena je přeškrtnuta a nová cena je
zvýrazněna.</p>
<h2 id="vinium-exclusive">Vinium Exclusive</h2>
<p>pozdní sběry různé druhy</p>
<p>0,75 l</p>
<h2 id="semtex">Semtex</h2>
<p>energetický nápoj různé druhy</p>
<p>0,5 l</p>
<p>AC: 1 l = 146,53 KC: 1 l = 131,87</p>
<p>Obrázek zobrazuje slevovou cedulku z hypermarketu Globus. Horní část
cedulky je červená s nápisem “VYHODNĚ!” a cenou původní 22,90 Kč. Spodní
část je zelená a obsahuje logo “Můj Globus” ve tvaru srdce a novou,
zlevněnou cenu 19,90 Kč. Jedná se o reklamní materiál lákající zákazníky
ke koupi produktu za sníženou cenu.</p>
<p>AC: 1 l = 45,80 KC: 1 l = 39,80</p>
<p>Obrázek zachycuje zlevněný produkt z hypermarketu. Jedná se o štítek
s cenovkou.</p>
<p><strong>Popis:</strong></p>
<ul>
<li><strong>Horní část štítku:</strong> Červené pole s textem “VYHODNĚ!”
a cenou <strong>199,90 Kč</strong> velkým fontem.</li>
<li><strong>Spodní část štítku:</strong> Zelené pole s logem “Můj
Globus” a srdíčkem, pod ním cena <strong>179,90 Kč</strong> velkým
fontem.</li>
</ul>
<p><strong>Význam:</strong></p>
<p>Štítek informuje zákazníky, že produkt je zlevněný. Původní cena byla
199,90 Kč a nová, zlevněná cena je 179,90 Kč. Logo “Můj Globus”
naznačuje, že se jedná o nabídku v hypermarketu Globus.</p>
<p>ruzne druny EE Jakostni vina m | 38 /</p>
<p>Obrázek zobrazuje lahev vína. Na etiketě je napsáno “VINIUM”, pod tím
“TREBBIANO” a pod tím “IGT delle Venezie”. V dolní části etikety je
symbol, který připomíná pečeť. Pod etiketou je cena, která je velmi
špatně čitelná, ale odhadem jde o 119,90 Kč. Láhev má standardní tvar
pro bílé víno. Pozadí je zelené, pravděpodobně z regálu v
hypermarketu.</p>
<p>0/51 Po —_-.1 ruzné druhy</p>
<p>051</p>
<p>Na obrázku jsou dva plechovky energetického nápoje Semtex.</p>
<ul>
<li><strong>Levá plechovka:</strong> Je žlutá s černými geometrickými
vzory a nápisem “ORIGINAL” nahoře. Pod nápisem je šipka směřující
doprava a název značky “Semtex”. Dole je nápis “ENERGY DRINK” a pod tím
“CARBONATED”. Níže je uvedeno složení a objem 500ml.</li>
<li><strong>Pravá plechovka:</strong> Má stejný design, ale je zelená a
nápis nahoře zní “CACTUS”. Stejně jako u levé plechovky, následuje šipka
a název “Semtex” a dole nápis “ENERGY DRINK” a “CARBONATED” spolu se
složením a objemem 500ml.</li>
</ul>
<p>Obě plechovky vypadají jako součást akce v hypermarketu.</p>
<p>Obrázek zobrazuje cedulku s nápisem “VYHODNÉ!”. Pod tím je velkými
červenými číslicemi cena <strong>89,90 Kč</strong>. Pod cenou jsou malé
symboly procent (%) v řadě. Cedulka signalizuje, že se jedná o zlevněný
produkt v hypermarketu.</p>
<p>Obrázek zachycuje výraznou cenovku s nápisem “VYHOODNĚ!” nahoře. Pod
tím je velkými červenými číslicemi zobrazena cena “79⁹⁰”. Desetinná část
“⁹⁰” je menší a umístěna ve spodní části čísla 79, což signalizuje cenu
79,90 Kč. Spodní část cenovky je tvořena řadou procentuálních znaků (%).
Obrázek celkově naznačuje, že se jedná o zlevněný produkt v
hypermarketu.</p>
<h2 id="jp.chenet">JP.Chenet</h2>
<p>různé druhy</p>
<p>0,75 l</p>
<p>1 l = 119,87</p>
<p>Francie</p>
<h2 id="château-valtice">Château Valtice</h2>
<p>jakostní vína různé druhy 0,75 l 1 l = 106,53</p>
<p>Starobrno a m | Proud 04 Absolut tradicni (ne M svetly lezak D 2/4 |
Vodka</p>
<p>Na obrázku je lahev bílého vína. Na štítku je nápis “SAL VINE”, pod
ním je logo a pod tím název vína “Tramín červený”. Pod tím je nápis
“MORAVA”. V levém horním rohu je rámeček s nápisem “VINA Z MORAVY VINA Z
ČECH”. V levém dolním rohu je rámeček s cenovkou, která není plně
čitelná, ale lze usoudit, že se jedná o zlevněný produkt.</p>
<p>Na obrázku je láhev bílého vína značky JP Chenet. Na štítku je nápis
“JP Chenet” a pod ním “Médoc Blanc”. Cena na štítku je 169,90 Kč. Láhev
je světle žluté barvy a má úzké hrdlo.</p>
<p>Obrázek zobrazuje červenou cedulku s nápisem “VYHODNĚ!”. Pod ním je
zobrazena cena <strong>11⁹⁰ Kč</strong>, kde “⁹⁰” je napsáno menším
písmem, což signalizuje desetinná místa. Jedná se o reklamní cedulku
propagující zlevněný nebo výhodný produkt v hypermarketu.</p>
<p>Obrázek zachycuje výhodný reklamní štítek z hypermarketu. Hlavním
prvkem je výrazné červené číslo “18⁹⁰”, což znamená cenu 18,90 Kč. Nad
cenou je nápis “VÝHODNĚ!” červenou barvou. V dolní části štítku jsou
vidět procenta, pravděpodobně označující procentuální slevu na daný
produkt. Celkový dojem je, že se jedná o reklamu na produkt nabízený za
atraktivní cenu.</p>
<h2 id="starobrno">Starobrno</h2>
<h2 id="tradiční">tradiční</h2>
<p>světlé výčepní pivo 0,5 l</p>
<p>1 l = 23,80</p>
<ul>
<li><ul>
<li>záloha 3,-</li>
</ul></li>
</ul>
<p>Na obrázku je zlevněná láhev piva značky Proud. Láhev má typický tvar
pro pivo a je naplněna zlatavým ležákem.</p>
<p>Na etiketě je nápis “proud” velkými bílými písmeny. Pod ním je nápis
“LEŽÁK”. V dolní části etikety je cena <strong>29,90 Kč</strong>.</p>
<p>Na obrázku je zelená skleněná láhev piva Staropramen. Na etiketě je
nápis “Staropramen” a pod ním “TRADIČNÍ”. Výše je znázorněno logo
Staropramenu s heraldickým motivem červeného štítu s bílým jednorožcem.
Na láhvi je patrný nápis s akční cenou, ale je příliš malý na to, abych
jej mohl přečíst.</p>
<p>ruzné druhy</p>
<p>15 |</p>
<p>Obrázek zobrazuje reklamní štítek s informací o zlevněném
produktu.</p>
<ul>
<li><strong>Text:</strong> Na štítku se nachází nápis “AKCE!”, který
upozorňuje na slevovou akci. Dále je uvedena původní cena <strong>19,90
Kč</strong> a nová, zlevněná cena <strong>14,90 Kč</strong>. Vedle
zlevněné ceny je uveden kruhový štítek s nápisem “-25%”, který
signalizuje výši slevy.</li>
<li><strong>Design:</strong> Štítek má červenobílý design s výraznými
číslicemi, aby upoutal pozornost zákazníků.</li>
</ul>
<h2 id="gemerka-botanica">Gemerka Botanica</h2>
<p>minerální voda s příchutí různé druhy 1,5 l</p>
<p>1 l = 9,93</p>
<h2 id="proud">Proud</h2>
<p>světlý ležák sklo</p>
<p>0,33 l</p>
<p>1 l = 57,27</p>
<ul>
<li>záloha 3,-</li>
</ul>
<p>Na obrázku jsou dvě plastové lahve minerální vody Gemerka. V popředí
je vidět značka “GEMERKA” napsaná bílými písmeny na modrém pozadí. Pod
názvem je text “PRIPRAVOK” menším písmem. V dolní části lahve je žlutý
pruh se zelenými a bílými prvky. Na etiketě je také text “CHUTNÉ
OŽIVUJÍCÍ”.</p>
<p>Obrázek naznačuje výhodné balení, protože jsou na něm zobrazeny dvě
lahve. Bohužel, cena není uvedena.</p>
<p>Obrázek zachycuje reklamní štítek s informací o zlevněném
produktu.</p>
<ul>
<li><strong>Text:</strong> „AKCE!“ a „-33%“ naznačují, že se jedná o
slevovou akci.</li>
<li><strong>Původní cena:</strong> 29,90 Kč je přeškrtnuta, což znamená,
že už neplatí.</li>
<li><strong>Nová cena:</strong> 19,90 Kč je zobrazena výrazně a
představuje novou, zlevněnou cenu produktu.</li>
</ul>
<p>Celkově obrázek informuje zákazníky o produktu, který je v akci a
prodává se za sníženou cenu.</p>
<p>VVHODNE!</p>
<h2 id="mattoni-imuno">Mattoni Imuno</h2>
<p>ochucená minerální</p>
<p>voda sycená</p>
<p>různé druhy</p>
<p>0,7 l</p>
<p>1 l = 28,43</p>
<p>Budweiser Buavar</p>
<p>Original, Budvar 55</p>
<p>Obrázek ukazuje zelený štítek s nápisem “NOVÉ v Globusu”. Štítek má
tvar kruhu a v horní části je vyobrazena bílá hvězda. Nápis “NOVÉ” je
psán velkými, tučným písmem a pod ním je menším písmem uvedeno “v
Globusu”. Štítek naznačuje, že se jedná o nový produkt nebo nabídku v
hypermarketu Globus. Žádná cena není uvedena.</p>
<p>Na obrázku je promo akce na pivo Budvar. Vidíme dvě lahve Budvaru a
letenku s nápisem:</p>
<p><strong>“Souťaž s Budvarom”</strong> - Soutěž s Budvarem.
<strong>“Kup 4 produkty Budvar a VYHRAJ cestu kolem světa pro
dva”</strong> - Kup 4 produkty Budvar a vyhraj cestu kolem světa pro
dva. <strong>“Letecky do 100 dovolených ciell”</strong> - Letecky do 100
dovolených cílů.</p>
<p>Pod tím je QR kód, který pravděpodobně vede na webové stránky s
pravidly soutěže.</p>
<p>19 90</p>
<p>Budweiser Budvar Original, Budvar 33 světlý ležák 0,5 l</p>
<p>1 l = 39,80</p>
<ul>
<li>záloha 3,-</li>
</ul>
<p>149</p>
<p>90</p>
<h2 id="stará-myslivecká">Stará myslivecká</h2>
<p>38 %</p>
<p>0,5 l</p>
<p>1 l = 299,80</p>
<h2 id="professorado">Professorado</h2>
<p>karibský rum 35−38 % různé druhy 0,5 l</p>
<p>AC: 1 l = 399,80</p>
<p>KC: 1 l = 359,80</p>
<p>Obrázek zobrazuje láhev kořalky “Stará myslivecká”. Jedná se o
lihovinu s obsahem alkoholu 52%. Na etiketě je vidět nápis “Stará
myslivecká – Pravá ovocná pálenka”. Pod tímto nápisem je text “Vyrobeno
z jablek a hrušek”. Láhev má objem 0,7 litru.</p>
<p>Na obrázku jsou tři zlaté medaile:</p>
<ul>
<li><strong>WSGC 2019</strong> – World Spirits Competition Gold</li>
<li><strong>CWSA</strong> – China Wine &amp; Spirits Awards Gold</li>
<li>Další medaile s textem <strong>Gold</strong>.</li>
</ul>
<p>Cena produktu je 1 389,90 Kč, což je uvedeno v levém dolním rohu
obrázku menším písmem.</p>
<p>Na obrázku je reklama na zlevněnou vodku Absolut.</p>
<p><strong>Popis produktu:</strong></p>
<ul>
<li><strong>Název:</strong> Absolut Vodka (a Absolut Mango)</li>
<li><strong>Objem:</strong> 0,7 l</li>
<li><strong>Alkohol:</strong> 38-40 %</li>
<li><strong>Typ:</strong> Různé druhy</li>
<li><strong>Původní cena:</strong> 469,90 Kč</li>
<li><strong>Sleva:</strong> 29 %</li>
<li><strong>Nová cena:</strong> 329,90 Kč</li>
</ul>
<p><strong>Text na obrázku:</strong></p>
<ul>
<li><strong>“AKCE!”</strong> – upozorňuje na slevovou nabídku.</li>
<li><strong>“Absolut Vodka”</strong> – označení produktu.</li>
<li><strong>“38-40% různé druhy”</strong> – udává obsah alkoholu a
varianty produktu.</li>
<li><strong>“0,7 l”</strong> – udává objem balení.</li>
<li>Text na etiketách vodky Absolut obsahuje informace o původu,
destilaci a obsahu alkoholu.</li>
</ul>
<p>Pfanner merunka, Jahoda,</p>
<p>Na obrázku je PET lahev s nápojem Imuno od značky Mattoni. Lahev má
objem 1,5 litru a je zelené barvy. Přední strana je označena nápisem
„Imuno“ velkými bílými písmeny na oranžovém pozadí. Pod ním je text „B6,
D3, B12, Zinek“ a pod tím je menší text popisující, že se jedná o
osvěžující nápoj s vitamíny a minerály. Na etiketě je vyobrazena
ilustrace pomerančů.</p>
<p>Lahev je na akční ceně: 29,90 Kč.</p>
<p>Na obrázku je cenovka s označením “VYHODNĚ!”. Je na ní zobrazena cena
34,90 Kč za produkt Pfanner, konkrétně se jedná o směs plodů: meruňka,
jahoda, černý rybíz a borůvka. Množství produktu je 1 litr (1 l).</p>
<p>Obrázek zobrazuje dva litrové kartony džusů značky Pfanner.</p>
<ul>
<li><strong>Levý karton:</strong> Obsahuje džus z meruňky (Aprikose). Na
kartonu je zobrazen pohár plný džusu a několik čerstvých meruňek.
Zlevněný štítek hlásí cenu 59,90 Kč.</li>
<li><strong>Pravý karton:</strong> Obsahuje džus z lesních plodů
(Johannisbeere). Na kartonu je zobrazen pohár plný džusu a hromada
lesních plodů. Zlevněný štítek hlásí cenu 59,90 Kč.</li>
</ul>
<p>Oba kartony mají označení “1L”, což značí objem jednoho litru.</p>
<p>Na obrázku je zelená plastová láhev s nápojem Imuno. Na etiketě je
napsáno:</p>
<ul>
<li><strong>MATTONI</strong> - značka</li>
<li><strong>imuno</strong> - název nápoje</li>
<li><strong>B6, D3, B12, Zinek</strong> - výpis vitamínů a minerálů
obsažených v nápoji</li>
<li><strong>jahoda, kiwi, ananas</strong> - příchutě</li>
<li><strong>1,5l</strong> - objem</li>
<li><strong>19,9⁰</strong> - cena</li>
</ul>
<p>Produkt je evidentně nabízen ve výhodném balení, jak naznačuje nápis
na etiketě.</p>
<p>Na obrázku je reklama na zlevněné alkoholické nápoje značky Stock a
Amundsen.</p>
<p><strong>Produkt:</strong> Stock a Amundsen míchané nápoje
<strong>Typ:</strong> Alkoholické (6% alkoholu) <strong>Objem:</strong>
0,25 l <strong>Cena:</strong> 39,90 Kč <strong>Cena za 11 kusů:</strong>
439,90 Kč (uvedeno menším písmem)</p>
<p><strong>Text na obrázku:</strong></p>
<ul>
<li><strong>“VÝHODNĚ!”</strong> - Zvýrazňuje akční cenu.</li>
<li><strong>“MÍCHANÉ DRINKY”</strong> - Popisuje kategorii
produktu.</li>
<li><strong>“JAKO OD BARMANA”</strong> - Marketingový slogan,
naznačující kvalitu a chuť.</li>
<li>Na plechovkách jsou uvedeny konkrétní příchutě: Mule, Oranž Spritz,
Vodka &amp; Soda, Violet Gin &amp; Tonic, a Oranž Citrus.</li>
</ul>
<p>Na obrázku jsou zobrazeny plechovky nápojů různých příchutí.</p>
<h2 id="platnost-23.-4.-29.-4.-2025-2">platnost 23. 4. – 29. 4.
2025</h2>
<p>Obrázek zobrazuje logo hypermarketu Globus. Je to oranžové písmo
“Globus” na oranžovém pozadí, obklopené zeleným ornamentem ve tvaru
zeměkoule. Ostatní informace o produktu nejsou z obrázku čitelné.</p>
<p>Obrázek ukazuje reklamní leták na šumivé víno Cavignon. Jsou zde tři
lahve:</p>
<ul>
<li><strong>Levá lahev:</strong> Cavignon Demi Sec, šumivé víno.</li>
<li><strong>Střední lahev:</strong> Cavignon Brut, šumivé víno.</li>
<li><strong>Pravá lahev:</strong> Cavignon Rosé Demi Sec, šumivé
víno.</li>
</ul>
<p>Mezi lahvemi jsou dvě sklenice naplněné šumivým vínem a ozdobené
malinami. V dolní části letáku je text:</p>
<ul>
<li><strong>Cavignon</strong> - název značky</li>
<li><strong>šumivé víno</strong> - popis produktu</li>
<li><strong>různé druhy</strong> - nabídka různých variant</li>
<li><strong>1.099,-</strong> - cena šumivého vína (jeden tisíc devadesat
devět korun českých)</li>
<li><strong>AKCE! -33%</strong> - oznamuje slevovou akci a výši slevy
(33%)</li>
<li>Vpravo dole malá francouzská vlajka.</li>
</ul>
<p>Celkový dojem z letáku je zaměřen na luxus a oslavu, podpořený
elegantním designem a využitím malin jako dekorace.</p>
<p>Obrázek zobrazuje cenovku s informací o slevě. Původní cena produktu
byla 149,90 Kč, nyní je produkt ve slevě 33 % a nová cena je 99,90 Kč.
Text „AKCE!“ zdůrazňuje výhodnou nabídku.</p>
<p>Cavignon šumivé víno různé druhy 0,75 l 1 l = 133,20 Francie</p>
<p>34 TTRO, IRS</p>
<p>LUI</p>
<p>SoftDent</p>
<p>Obrázek zobrazuje propagační leták hypermarketu Globus. Na zeleném
pozadí je napsáno “Můj Globus” velkým bílým písmem. V levém horním rohu
je logo Globusu. Vlevo je vyobrazen oranžový citrus. Pod nápisem “Můj
Globus” je menší text “slevy ke kterékoliv hodnotě nákupu”.</p>
<p>“ex allaflex</p>
<p>ve</p>
<p>PLATNOST STRANY 16. 4. –6. 5.</p>
<p>Na obrázku je cena zlevněného produktu v hypermarketu.</p>
<ul>
<li>Původní cena: 114,90 Kč</li>
<li>První sleva: 30 %</li>
<li>Cena po první slevě: 79,90 Kč</li>
<li>Druhá sleva: 37 %</li>
<li>Finální cena: 71,90 Kč</li>
<li>Značka: Můj Globus</li>
</ul>
<p>Na štítku je nápis “AKCE!”.</p>
<h2 id="softdent">SoftDent</h2>
<p>mezizubní kartáčky různé druhy</p>
<p>6 ks</p>
<p>AC: 1 ks = 13,32</p>
<p>KC: 1 ks = 11,98</p>
<p>Na obrázku je balení mezizubních kartáčků SOFTdent Butterfly. Jsou
oranžové a bílé.</p>
<p>Na obalu je napsáno: * <strong>SOFTdent</strong> - značka mezizubních
kartáčků. * <strong>Butterfly</strong> - model mezizubních kartáčků. *
<strong>6 ks</strong> - množství kartáčků v balení. *
<strong>29,90</strong> - cena kartáčků v korunách českých. * Logo
značky, která balení nabízí.</p>
<p>Na obrázku je červenobílý štítek s nápisem “VYHODNĚ!”. Pod ním je
velkým červeným písmem zobrazena cena <strong>99⁹⁰ Kč</strong>. Pod
cenou jsou opakovaně zobrazeny znaky procenta (%). Štítek je typický pro
označení zlevněných produktů v obchodech.</p>
<p>Signal White Now zubní pasta různé druhy 75 ml 100 ml = 133,20</p>
<p>Obrázek zobrazuje zubní pastu Signal White Now.</p>
<p>Na přední straně balení je vlevo velké logo “Signal” v bílé barvě s
modrým obrysem. Vpravo je nápis “WHITE NOW” ve velkých bílých písmenech.
Pod tím je drobnějším písmem “IMMEDIATELY WHITEER TEETH” (Okamžitě
bělejší zuby).</p>
<p>V dolní části balení je nápis “CLINICALLY PROVEN - IN ONE WEEK”
(Klinicky prokázáno - za jeden týden).</p>
<p>V pravém horním rohu je cena 49,90 Kč.</p>
<p>Obrázek zobrazuje výhodný produkt, pravděpodobně z hypermarketu. Na
bílém pozadí je výrazně napsáno “VYHODNĚ!” červeným fontem. Pod tím je
červeným, velkým písmem cena: 139⁹⁰ Kč. Pod cenou je několik procent,
naznačující možnou slevu.</p>
<h2 id="garnier-olia">Garnier Olia</h2>
<p>barva na vlasy různé odstíny</p>
<p>Na obrázku je balení barvy na vlasy Garnier Olia v odstínu 9.0 –
světle plavá.</p>
<p>Na obalu je napsáno: * <strong>GARNIER OLIA:</strong> Název produktu.
* <strong>Složení s oleji:</strong> Zdůrazňuje, že barva obsahuje oleje.
* <strong>BEZ AMONIAKU, AMONIA a NELKOL:</strong> Upozorňuje na složení
bez těchto látek. * <strong>-60%:</strong> Indikuje slevu 60% na
produkt. * <strong>9.0:</strong> Označuje odstín barvy – světle plavá. *
<strong>Šetrná barva pro krásné a zdravé vlasy:</strong> Popisuje účinek
produktu.</p>
<p>Produkt je pravděpodobně v akci/slevě v hypermarketu.</p>
<p>Obrázek zachycuje reklamu na zlevněný produkt. Původní cena produktu
byla 249,90 Kč, která je přeškrtnutá. Nyní je produkt nabízen za cenu
199,90 Kč. V horní části reklamy je nápis “AKCE!” v červeném provedení.
V kruhovém rámečku je uvedena sleva 20%. Celkový dojem je zaměřen na
informování zákazníka o slevě a nové ceně produktu.</p>
<h2 id="mixa">Mixa</h2>
<p>tělový krém různé druhy 400 ml 100 ml = 49,98</p>
<p>Obrázek zachycuje reklamní štítek s informací o zlevněném
produktu.</p>
<p><strong>Text na štítku:</strong></p>
<ul>
<li><strong>“MNOŽSTEVNÍ SLEVA”</strong>: Označuje, že sleva se vztahuje
na nákup více kusů.</li>
<li><strong>“Cena za kus při koupi 2 kusů”</strong>: Vysvětluje, že
uvedená cena platí pouze při koupi dvou nebo více kusů daného
produktu.</li>
<li><strong>“379,90”</strong>: Původní cena produktu v korunách českých
(Kč).</li>
<li><strong>“399,90”</strong>: Zlevněná cena produktu v korunách českých
(Kč).</li>
</ul>
<p>Štítek je vizuálně rozdělen na dvě části: horní červenou a dolní
bílou. Červená část signalizuje zlevnění produktu.</p>
<p>Na obrázku je balení krému Mixa Urea Cica Repair+ renewing cream.
Jedná se o krém pro suchou a poškozenou pleť.</p>
<p><strong>Text na obalu:</strong></p>
<ul>
<li><strong>Mixa:</strong> Název značky.</li>
<li><strong>Sensitive Skin Expert:</strong> Upozorňuje, že se jedná o
produkty pro citlivou pleť.</li>
<li><strong>Urea Cica Repair+:</strong> Označení konkrétní řady a účelu
krému - obnovující krém s ureou a cica (rozmarýn lékařský).</li>
<li><strong>Renewing cream:</strong> Popis krému jako obnovujícího.</li>
<li><strong>10% [Urea &amp; Niacinamide]:</strong> Uvádí obsah účinných
látek - 10% urea (močovina) a niacinamide (vitamin B3).</li>
<li><strong>Dry, rough, impaired:</strong> Označuje pleť, pro kterou je
krém určen.</li>
<li><strong>Hypoallergenic:</strong> Krém je hypoalergenní.</li>
<li><strong>✓ From 7 days smoother, suppler &amp; softer skin</strong> -
Po 7 dnech má být pleť hladší, pružnější a jemnější.</li>
<li><strong>✓ Skin control repair &amp; protect</strong> - Krém má pleť
kontrolovat, opravovat a chránit.</li>
</ul>
<p>Na levé straně je vidět loga s cenou a zlevněnou cenou (v tomto
případě 219,90 Kč).</p>
<h2 id="pampers">Pampers</h2>
<p>vlhčené ubrousky různé druhy 12× 52 ks, 1 ks = 0,64 9× 48 ks, 1 ks =
0,93 9× 44 ks, 1 ks = 1,01</p>
<p>Obrázek zobrazuje balení dětských plen Pampers Sensitive. Jedná se o
výhodné balení 2x52 kusů. Vlevo dole je vidět logo „Slevomat“ a vpravo
dole loga „Maxi“ a „Hypernova“.</p>
<p>Na obalu je nápis “2x52” s obrázkem plenek. V horní části je logo
Pampers a text “Sensitive”. Vedle je růžový rámeček s nápisem “2 v 1
Gently Cleans &amp; Protects”, dále pak tři bubliny s nápisy “0% Latex”,
“0% Parfum”, “0% Lokální Látky”. Vlevo nahoře je červené procento,
indikující slevu.</p>
<p>Balení je zřejmě v akci a je dostupné v obchodech Maxi a
Hypernova.</p>
<h2 id="váš-svět-nízkých-cen-6">VÁŠ SVĚT NÍZKÝCH CEN</h2>
<h2 id="axe-axe-axe-axe">Axe Axe Axe Axe</h2>
<p>sprchový gel sprchový gel různé druhy různé druhy 400 ml 400 ml AC:
100 ml = 27,48 AC: 100 ml = 27,48 KC: 100 ml = 24,23 KC: 100 ml = 24,23
sprchový gel sprchový gel různé druhy různé druhy 400 ml 400 ml AC: 100
ml = 27,48 AC: 100 ml = 27,48 KC: 100 ml = 24,23 KC: 100 ml = 24,23</p>
<p>Obrázek zachycuje zlevněnou cenu produktu v hypermarketu.</p>
<p>V horní části je červený štítek s nápisem „VYHODNĚ!“ a původní cena
„109,90 Kč“ (90 haléřů je zapsáno menším fontem).</p>
<p>Pod ním je zelený štítek s nápisem „MŮJ GLOBUS“ a nová, zlevněná cena
„96,90 Kč“ (opět 90 haléřů menším fontem).</p>
<p>Zřejmě se jedná o reklamní štítek informující zákazníky o cenové
slevě na určitý produkt v obchodě Globus. Vedle číselné hodnoty je vidět
část textu, který pravděpodobně popisuje název produktu a jeho
množství.</p>
<p>Obrázek ukazuje dva štítky s cenovkami, pravděpodobně z
hypermarketu.</p>
<p><strong>Horní štítek:</strong></p>
<ul>
<li><strong>Text:</strong> “VYHODNĚ!” - signalizuje, že se jedná o
zlevněný produkt.</li>
<li><strong>Cena:</strong> 49,90 Kč (49 korun a 90 haléřů). Cena je
napsána velkým červeným písmem.</li>
</ul>
<p><strong>Dolní štítek:</strong></p>
<ul>
<li><strong>Text:</strong> “MŮJ GLOBUS” a srdíčko - pravděpodobně se
jedná o věrnostní program hypermarketu Globus.</li>
<li><strong>Cena:</strong> 44,90 Kč (44 korun a 90 haléřů). Cena je
napsána velkým černým písmem na bílém pozadí.</li>
</ul>
<p>Celkově obrázek informuje o ceně produktu a akční slevě v
hypermarketu Globus.</p>
<p>Na obrázku je balení sprchového gelu Axe Dark Temptation. Produkt je
označen jako “XXL”, což naznačuje větší balení. Na přední straně je logo
“Axe” a nápis “Dark Temptation - Smooth Chocolate Scent”. Pod tím je
nápis “Limited Edition”. Produkt je označen jako “Total Relax”. Cena
není vidět.</p>
<p>Obrázek zachycuje cenovku se zlevněným produktem. Původní cena je
109,90 Kč, která je přeškrtnutá. Nová, snížená cena je 64,90 Kč. V horní
části je nápis “AKCE!” a v kruhu je uvedena sleva 40%.</p>
<p>Lacalut zubní pasta různé druhy 75 ml 100 ml = 86,53</p>
<p>Na obrázku je zubní pasta Lacalut aktiv. Je to bílá tuba se červeným
proužkem a nápisem “LACALUT aktiv” velkými písmeny. Pod nápisem je malý
text popisující účinky pasty: “Medicínální zubní pasta. Vypadá usnadňuje
a posiluje dásně. Chrání před vznikem dásní, parodontózy a zubním
kazem.” Vpravo na tubě je logo s obrázkem zubu.</p>
<p>V horní části tuby je cenovka s nápisem “39,90 Kč” a nad tím “sleva
20%”.</p>
<p>Obrázek zobrazuje reklamní štítek s informací o zlevněném
produktu.</p>
<ul>
<li><strong>Text:</strong> Štítek obsahuje text “AKCE!” a “−15%”.</li>
<li><strong>Původní cena:</strong> 105,90 Kč je přeškrtnutá.</li>
<li><strong>Nová cena:</strong> 89,90 Kč je zobrazena velkým červeným
písmem.</li>
</ul>
<p>Štítek informuje o slevě 15 % na produkt, který je nyní k dispozici
za 89,90 Kč namísto původních 105,90 Kč.</p>
<h2 id="wellaflex">Wellaflex</h2>
<p>lak na vlasy, pěnové tužidlo různé druhy 200–250 ml 100 ml =
35,96–44,95</p>
<p>Na obrázku je plechovka laku na vlasy WellaFlex. Na plechovce je
nápis “WellaFlex” velkými bílými písmeny na světle hnědém podkladu. Pod
ním je nápis “Long lasting flexible hold” menším písmem. Níže se nachází
modrý proužek s nápisem “hairspray”, “Flexibil Extra Strong hold”.</p>
<p>Cena je uvedena jako <strong>123,5</strong> Kč. Je zřejmé, že jde o
zlevněný produkt, protože původní cena je přeškrtnutá a je uvedena nová,
nižší cena.</p>
<p>79</p>
<p>90</p>
<h2 id="garnier">Garnier</h2>
<p>deodoranty různé druhy 50–150 ml 100 ml = 53,27–159,8</p>
<p>Obrázek zobrazuje cenovku s nápisem “VYHODNÉ!”. Cena je 96,90 Kč.
Nápis “VYHODNÉ!” signalizuje zlevněný nebo akční produkt.</p>
<h2 id="nivea">Nivea</h2>
<p>dvoufázový odličovač očí a make-upu 125 ml 100 ml = 77,52</p>
<p>Na obrázku je deodorant Garnier Mineral.</p>
<p><strong>Popis produktu:</strong></p>
<ul>
<li><strong>Značka:</strong> Garnier Mineral</li>
<li><strong>Typ:</strong> Deodorant ve spreji</li>
<li><strong>Vlastnosti:</strong> 6-v-1 ochrana 48h, neobsahuje hliník,
respektuje přirozenou mikroflóru pokožky, testováno pod dermatologickou
kontrolou, hypoalergenní.</li>
<li><strong>Vůně:</strong> Floral Fresh</li>
<li><strong>Další text:</strong>
<ul>
<li>„ALPHA-ALUMINUM FREE“ – bez hliníku</li>
<li>„0% ALCOHOL“ – bez alkoholu</li>
<li>„SAFE SKIN. BREATHE“ - pro zdravou pokožku, která dýchá</li>
</ul></li>
</ul>
<p>Cena produktu není na obrázku vidět.</p>
<p>Obrázek ukazuje sprej Nivea na čištění pleti. Sprej je v modrobílé
kombinaci barev. Na štítku je napsáno:</p>
<ul>
<li><strong>NIVEA</strong> - Značka produktu.</li>
<li><strong>ODMAŠŤUJÍCÍ</strong> - Označuje, že produkt odstraňuje
mastnotu.</li>
<li><strong>ČIŠTÍCÍ PĚNA</strong> - Typ produktu.</li>
<li><strong>PRO NORMÁLNÍ A SMÍŠENOU PLEŤ</strong> - Určení pro jaký typ
pleti je produkt vhodný.</li>
<li><strong>150 ml</strong> - Objem produktu.</li>
</ul>
<p>Pod těmito slovy se zdá být cena, která je v hypermarketu zlevněná.
Cena je <strong>109,90 Kč</strong>.</p>
<p>Obrázek zachycuje reklamu na zlevněný produkt. Původní cena produktu
byla 129,90 Kč, nyní je zlevněna na 89,90 Kč. Zlevnění činí 30%. Reklama
je vizuálně výrazná a má upozornit zákazníky na výhodnou nabídku.</p>
<p>Obrázek zobrazuje logo hypermarketu Globus. Slovo “Globus” je napsáno
velkými oranžovými písmeny s bílým vnitřkem a má zaoblené tvary. Logo je
obklopeno zeleným ornamentem, který připomíná zemi. Jedná se o vizuální
identifikaci obchodu Globus, který nabízí široký sortiment zboží za
výhodné ceny.</p>
<p>Indulona krém na ruce různé druhy 75 ml AC: 100 ml = 66,53 KC: 100 ml
= 59,87</p>
<p>Na obrázku je tuba krému Indulona Original.</p>
<p>Na tubě je napsáno:</p>
<ul>
<li><strong>INDULONA</strong> - Název produktu.</li>
<li><strong>ORIGINAL</strong> - Označuje variantu produktu.</li>
<li><strong>48H síla beauty</strong> - Slogan zdůrazňující účinnost
produktu.</li>
<li><strong>48h hydratace</strong> - Uvádí dobu trvání hydratačního
účinku.</li>
<li><strong>3% lanolin</strong> - Uvádí obsah lanolinu, což je hlavní
složka krému.</li>
<li><strong>24H</strong> - Možná hodnota trvanlivosti.</li>
</ul>
<p>Produkt je pravděpodobně ve slevě nebo akční nabídce v
hypermarketu.</p>
<p>Kotex dámské tampony různé druhy 32 ks 1 ks = 2,81</p>
<p>Na obrázku je balení dámských tampónů Kotex Total Confidence.</p>
<p><strong>Text na obrázku:</strong></p>
<ul>
<li><strong>Kotex</strong> - značka produktu</li>
<li><strong>TAMPO NS</strong> - typ produktu (tampóny)</li>
<li><strong>TOTAL CONFIDENCE</strong> - řada tampónů</li>
<li><strong>32 NORMAL</strong> - počet kusů v balení a typ (normální
absorpce)</li>
</ul>
<p>Obrázek naznačuje zlevněný nebo výhodný produkt, pravděpodobně v
hypermarketu. Konkrétní cena není na obrázku uvedena.</p>
<p>Obrázek zobrazuje zlevněný produkt, pravděpodobně z hypermarketu.
Dominuje mu velké červené číslo „179⁹⁰“, což představuje cenu 179,90 Kč.
Nad cenou je nápis „VYHODNÉ!“, který zdůrazňuje výhodnost nabídky.
Spodní část obrázku obsahuje řadu znaků procent (%) a mohlo by jít o
signalizaci procentuální slevy, ale to není jasné.</p>
<h2 id="always-ultra">Always Ultra</h2>
<p>dámské vložky různé druhy 24–40 ks, 1 ks = 4,5,–7,5</p>
<p>Na obrázku je balení menstruačních vložek značky Always Ultra. Balení
obsahuje 40 kusů vložek a je označeno jako “normal”. Na přední straně
balení je vidět obrázek vložky a logo značky Always. V levém horním rohu
je výrazně označeno slevové procento “70%”. V pravém dolním rohu je cena
149,90 Kč. Balení je modré a bílé. Na obalu je také logo „8h ochrana“ a
text „Pads absorbante“.</p>
<p>Obrázek zobrazuje reklamu na zlevněný produkt z hypermarketu.
Dominantní prvek je velký nápis “89⁹⁰”, což představuje cenu produktu v
českých korunách. Číslo 89 je výraznější, zatímco číslo 90 je napsáno
menším písmem a umístěno jako exponent, což značí desetinná místa.
Nahoře je nápis “VÝHODNĚ!”, který zdůrazňuje, že se jedná o akční cenu.
Pod cenou jsou rozmístěny symboly procent, které naznačují procentuální
slevu.</p>
<h2 id="palmolive">Palmolive</h2>
<p>sprchový gel různé druhy 500 ml 100 ml = 17,98</p>
<p>Na obrázku je sprchový gel Palmolive Naturals Sensitive Skin Milk
Proteins. Balení má bílou barvu s modrými vlnami a obrázkem kapky
mléka.</p>
<p>Text na obalu: * <strong>PALMOLIVE</strong> - Značka sprchových gelů.
* <strong>NATURALS</strong> - Označuje přírodní složení. *
<strong>Sensitive Skin Milk Proteins</strong> - Určeno pro citlivou pleť
s obsahem mléčných proteinů. * <strong>Bath &amp; Shower Cream</strong>
- Typ produktu - krém do koupele a sprchy. * <strong>-25%</strong> -
Označuje slevu 25%. * <strong>Původní cena: 99,90Kč</strong> *
<strong>Nová cena: 74,90Kč</strong></p>
<p>Na obrázku je reklamní leták na zlevněné šampony a kondicionéry
značek Monday a Maui. Zobrazený produkt je šampon Monday Volume, o
objemu 250 ml.</p>
<p><strong>Text na obrázku:</strong></p>
<ul>
<li><strong>AKCE!</strong> - Obecné oznámení o probíhající akci.</li>
<li><strong>NA ŠAMPONY A KONDICIONÉRY ZNAČEK MONDAY A MAUI</strong> -
Upřesnění, na jaké produkty se akce vztahuje.</li>
<li><strong>PŘÍKLAD CENY</strong> - Oznámení, že zobrazená cena je pouze
příklad.</li>
<li><strong>199⁹⁰</strong> - Původní cena produktu.</li>
<li><strong>129⁹⁰</strong> - Akční cena produktu po slevě.</li>
<li><strong>-35%</strong> - Výše slevy.</li>
<li>Na šamponu je napsáno: <strong>Monday VOLUME SHAMPOO with Organic
Argan Oil</strong> a dále informace o objemu: <strong>250
ml</strong></li>
</ul>
<p>J VI SLVY</p>
<p>Draci gel</p>
<p>Woolite</p>
<p>16 roll</p>
<p>Vanish praci prostredky</p>
<p>odstranovac</p>
<p>Obrázek zachycuje leták hypermarketu s nabídkou zlevněných produktů.
Zde je popis některých z nich:</p>
<ul>
<li><strong>Vanish</strong> odstraňovač skvrn, 1 kg za 134,90 Kč
(zlevněno z 119,90 Kč).</li>
<li><strong>Woolite</strong> prací prostředek, 60 dávek, za 199,90
Kč.</li>
<li><strong>Rex</strong> prací gel, 60 dávek, za 339,90 Kč (zlevněno z
279,90 Kč).</li>
<li><strong>Jar</strong> Platinum, kapsle do myčky, 125 ks, 599,90
Kč.</li>
<li><strong>Tento</strong> toaletní papír, 8 rolí, za 119,90 Kč.</li>
<li><strong>Tento</strong> super absorpční kapesníky, 90 ks, za 69,90
Kč.</li>
<li><strong>Sprite</strong> proti prachu, 300 ml, za 99,90 Kč.</li>
<li><strong>Tento</strong> papírové utěrky, 2 vrstvy, 60 kusů, za 159,90
Kč.</li>
<li><strong>Palmolive</strong> tekuté mýdlo, 300 ml, za 119,90 Kč.</li>
<li><strong>Elmex</strong> zubní pasta, 75 ml, za 89,90 Kč.</li>
<li><strong>DM</strong> dětské vlhčené ubrousky, 4x52 ks, za 139,90
Kč.</li>
<li><strong>Rival</strong> kuchyňská utěrka, 40x70 cm, za 79,90 Kč.</li>
<li><strong>Kosy</strong> čaj, 25 sáčků, 39,90 Kč.</li>
<li><strong>Emily</strong> instantní káva, 200 g, za 89,90 Kč.</li>
<li><strong>Globus</strong> slunečnicový olej, 1 l, za 59,90 Kč.</li>
<li><strong>Globus</strong> krystal cukr, 5 kg, za 149,90 Kč.</li>
</ul>
<p>Text na letáku hlásá “Váš svět nízkých cen” a uvádí platnost nabídky
od 23. 4. do 5. 5.</p>
<p>Ed</p>
<h2 id="platnost-23.-4.-29.-4.-2025-3">platnost 23. 4. – 29. 4.
2025</h2>
<p>Obrázek zobrazuje logo hypermarketu Globus. Je napsáno výrazným
oranžovým písmem na žlutém pozadí a obklopeno zeleným kulatým rámem
připomínajícím Zemi. Logo slouží k identifikaci obchodu a jeho zboží. Na
obrázku není žádný konkrétní zlevněný produkt ani cena.</p>
<p>Obrázek zachycuje reklamní leták z hypermarketu. Zaměříme se na
zlevněné/výhodné produkty:</p>
<p><strong>1. Kotex Young:</strong></p>
<ul>
<li><strong>Produkt:</strong> Balení hygienických potřeb pro menstruaci
Kotex Young.</li>
<li><strong>Popis:</strong> Balení obsahuje různé typy vložek (noční,
denní, atd.).</li>
<li><strong>Původní cena:</strong> 47,90 Kč.</li>
<li><strong>Sleva:</strong> 22 %.</li>
<li><strong>Nová cena:</strong> 36,90 Kč.</li>
<li><strong>Množství:</strong> 1 ks = 4,1-5,2l.</li>
<li><strong>Text:</strong> “Připravte svou dceru na její první
menstruaci, hned teď.”</li>
</ul>
<p><strong>2. Jar – Prostředek na nádobí:</strong></p>
<ul>
<li><strong>Produkt:</strong> Balení prostředku na mytí nádobí Jar.</li>
<li><strong>Popis:</strong> Nabídka je na balení 69,90 Kč.</li>
<li><strong>Množství:</strong> 500ml</li>
<li><strong>Text:</strong> “Mnohostná sleva.”</li>
</ul>
<p><strong>3. Jar – Kapsle do myčky:</strong></p>
<ul>
<li><strong>Produkt:</strong> Balení kapslí do myčky Jar Platinum.</li>
<li><strong>Popis:</strong> Balení obsahuje 125 ks.</li>
<li><strong>Cena:</strong> 599,90 Kč.</li>
<li><strong>Množství:</strong> 1 ks = 4,8l</li>
</ul>
<p><strong>Celkový text na letáku:</strong></p>
<ul>
<li>“Získejte peníze zpět na váš účet”.</li>
<li>“A vyhrajte chytrou televizi”.</li>
<li>“Utratě 1000 Kč a získejte 250 Kč zpět”.</li>
<li>Dále obsahuje drobné právní doložky a podmínky akce.</li>
</ul>
<p>Celkově se jedná o reklamní leták, který nabízí slevy na hygienické
potřeby a prostředky do domácnosti a zároveň motivuje zákazníky k nákupu
prostřednictvím cashbacku a soutěže o televizi.</p>
<p>990</p>
<p>99</p>
<p>[Pad Wht IMAN GE wil WEI CU</p>
<p>Obrázek obsahuje leták s nabídkou zboží v hypermarketu Globus.
Zaměřím se na popisy zlevněných/výhodných produktů a vysvětlím i text v
letáku:</p>
<p><strong>Globální informace:</strong></p>
<ul>
<li><strong>„Váš svět nízkých cen“</strong> - Hlavní motto letáku.</li>
<li><strong>„Platnost: 23.4. - 6.5.“</strong> - Uvádí platnost slevových
akcí.</li>
<li><strong>„Můj Globus“</strong> - Značka pro slevové akce v
Globusu.</li>
</ul>
<p><strong>Popis jednotlivých produktů a slev:</strong></p>
<ol type="1">
<li><strong>Hrnkové povlečení</strong>
<ul>
<li>Materiál: 100% bavlna</li>
<li>Rozměry: 70x90 a 140x200 cm</li>
<li>Původní cena: 999,90 Kč</li>
<li>Sleva: -40%</li>
<li>Výsledná cena: 699,90 Kč</li>
</ul></li>
<li><strong>OHO deka fleece</strong>
<ul>
<li>Rozměry: 150x200 cm. Cena je 129,90 Kč.</li>
</ul></li>
<li><strong>Prostěradlo Andrea Simone</strong>
<ul>
<li>Materiál: 100% bavlna.</li>
<li>Rozměr: 90x200x35 cm.</li>
<li>Původní cena: 699,90 Kč</li>
<li>Sleva: Zvýhodněná cena: 399,90 Kč</li>
</ul></li>
<li><strong>OHO koupelnová předložka</strong>
<ul>
<li>Rozměr: 60x90 cm</li>
<li>Různé barvy</li>
<li>Původní cena: 124,90 Kč.</li>
<li>Sleva: -20%</li>
<li>Výsledná cena: 99,90 Kč</li>
</ul></li>
<li><strong>Polštář Aloe Vera</strong>
<ul>
<li>Rozměr: 40x60 cm</li>
<li>Zvýhodněná cena: 299,90 Kč</li>
</ul></li>
<li><strong>Polštář Bubbles</strong>
<ul>
<li>Rozměr: 70x90 cm</li>
<li>Deka 140x200 cm za 439,90 Kč</li>
</ul></li>
<li><strong>Kuchyňské náčiní v cenově výhodných sadách</strong>
<ul>
<li>Nůž 29,90 Kč</li>
<li>Vykrajovač 49,90 Kč</li>
<li>Škrabka 14,90 Kč</li>
<li>Stěrka 19,90 Kč.</li>
</ul></li>
</ol>
<p>Doufám, že je to detailní popis.</p>
<p>D À 4 4. ff</p>
<p>AL: 1</p>
<p>Produkty znaëky BIC Produkty znacky cena od</p>
<p>mpion uzné druhy</p>
<p>Dobře, tady je detailní popis obrázku:</p>
<p>Obrázek je reklamní leták hypermarketu Globus s nabídkou zlevněných
produktů. Leták je rozdělen na několik sekcí a obsahuje různé produkty
pro domácnost, školu a volný čas.</p>
<p><strong>Hlavní produkty a texty:</strong></p>
<ul>
<li><strong>Horní řada:</strong>
<ul>
<li><strong>Náplň do psacího pera Pilot 0,5 nebo 0,7 mm:</strong>
Původní cena 184,90 Kč, zlevněno o 24 % na 139,90 Kč.</li>
<li><strong>Pikniková deka Leaves:</strong> Původní cena 199,90 Kč,
zlevněno o 20 % na 159,90 Kč.</li>
<li><strong>BioTech 100% Pure Whey:</strong> Původní cena 399,90 Kč,
zlevněno o 30 % na 279,90 Kč. Text uvádí, že se jedná o syrovátkový
proteinový komplex.</li>
</ul></li>
<li><strong>Střední řada:</strong>
<ul>
<li><strong>Lampión:</strong> Původní cena 52,90 Kč, zlevněno o 24 % na
39,90 Kč.</li>
<li><strong>Univerzální podložka:</strong> Původní cena 270,- Kč,
zlevněno o 29 % na 190,- Kč.</li>
<li><strong>Batoh OrangeW:</strong> Původní cena 899,90 Kč, zlevněno o
22 % na 699,90 Kč.</li>
</ul></li>
<li><strong>Spodní řada:</strong>
<ul>
<li><strong>Záznamní knížek:</strong> Původní cena 69,90 Kč, zlevněno o
28 % na 49,90 Kč.</li>
<li><strong>Produkty značky BIC:</strong> Zlevněno o 25 %.</li>
<li><strong>Produkty značky Karbon P:</strong> Zlevněno o 26 %.</li>
<li><strong>Židle:</strong> Původní cena 199,- Kč, zlevněno o 33 % na
133,- Kč.</li>
<li><strong>Sada na grilování:</strong> Původní cena 299,- Kč, zlevněno
o 39 % na 182,- Kč.</li>
</ul></li>
</ul>
<p><strong>Obecné informace:</strong></p>
<ul>
<li>Na letáku je nápis “VAS SVĚT NÍZKÝCH CEN” (Váš svět nízkých
cen).</li>
<li>U každého produktu je uvedena původní cena, procento slevy a nová
cena.</li>
<li>Leták je vizuálně atraktivní a využívá barevné obrázky
produktů.</li>
<li>V dolní části letáku je napsáno “Platí do 31.5.”.</li>
</ul>
<p><strong>Celkový dojem:</strong></p>
<p>Leták prezentuje širokou škálu zlevněných produktů, které by mohly
oslovit různé typy zákazníků. Nabídka zahrnuje školní potřeby, produkty
pro domácnost, outdoorové vybavení a další.</p>
<p>ace</p>
<p>7 WT IONS,</p>
<h2 id="platnost-strany-23.-4.-6.-5.">PLATNOST STRANY 23. 4. – 6.
5.</h2>
<h2 id="boxerky">Boxerky</h2>
<p>349 90</p>
<p>299 90</p>
<p>2 kusy = 1 cena</p>
<h2 id="váš-svět-nízkých-cen-7">VÁŠ SVĚT NÍZKÝCH CEN</h2>
<p>Na obrázku je logo hypermarketu Globus. Jedná se o oranžový nápis
“Globus” s okrajem a ornamentem ve formě zemitřesu s zelenými a bílými
prvky. Z loga nevyplývá žádná informace o zlevněném produktu nebo
ceně.</p>
<p>Obrázek zobrazuje slevovou cedulku s označením akce.</p>
<p><strong>Text na cedulce:</strong></p>
<ul>
<li><strong>AKCE!</strong> - Zvýrazňuje, že se jedná o výhodnou
nabídku.</li>
<li><strong>129,90</strong> - Původní cena produktu, přeškrtnutá.</li>
<li><strong>-23%</strong> - Výše slevy v procentech, zvýrazněná v
červeném kruhu.</li>
<li><strong>99,90</strong> - Nová cena produktu po slevě.</li>
</ul>
<p>Produkt je tedy nabízen se slevou 23 %, což snižuje cenu z původních
129,90 Kč na 99,90 Kč.</p>
<p>Trenýrky - pánské, více vzorů - ve velikosti S-4XL</p>
<ul>
<li><ul>
<li>pánské, ve vel. M-XXL - více barevných variant</li>
</ul></li>
</ul>
<p>Obrázek zobrazuje balení dvou pánských boxerů značky Camano v šedé
barvě. Boxery má tmavě šedý elastický pas s bílým nápisem “Camano”.</p>
<p>Na obrázku je vidět cenovka, která uvádí cenu: <strong>299,90
Kč</strong>.</p>
<p>Na obrázku je zlevněný produkt, pravděpodobně z hypermarketu.</p>
<p><strong>Text na obrázku:</strong></p>
<ul>
<li><strong>“VYHODNĚ!”</strong> - upozornění, že se jedná o zlevněný
produkt</li>
<li><strong>“379⁹⁰”</strong> - cena produktu v českých korunách. Číslo
“90” je napsáno menším fontem, což indikuje desetinná místa (379,90
Kč).</li>
</ul>
<p>Na obrázku je reklama na zlevněné dámské kalhotky.</p>
<p><strong>Text na obrázku:</strong></p>
<ul>
<li><strong>AKCE!</strong> – Označuje, že se jedná o akční nabídku.</li>
<li><strong>299,90</strong> – Původní cena.</li>
<li><strong>-23%</strong> – Sleva 23%.</li>
<li><strong>229,90</strong> – Nová, zlevněná cena.</li>
<li><strong>5 kusů = 1 cena</strong> – Znamená, že zákazník platí cenu
jednoho kusu, ale dostane rovnou pět kusů.</li>
<li><strong>Kalhotky</strong> – Název produktu.</li>
<li><strong>- dámské</strong> - Upřesnění, že se jedná o dámské
kalhotky.</li>
<li><strong>- různé druhy a barevné varianty</strong> – Informace, že
jsou k dispozici v různých stylech a barvách.</li>
</ul>
<p>Na obrázku jsou vyobrazeny kalhotky v růžové a světle modré
barvě.</p>
<p>Na obrázku jsou pánské kostky s kostkovaným vzorem v modré barvě.
Jsou pravděpodobně vyrobeny z bavlny nebo směsi bavlny.</p>
<p>Na obrázku je napsáno: <strong>199,90 Kč</strong>. Z obrázku tedy
vyplývá, že se jedná o zlevněný produkt, který je v hypermarketu nabízen
za 199,90 Kč.</p>
<h2 id="pásek-kožený">Pásek kožený</h2>
<ul>
<li><ul>
<li>dámský</li>
</ul></li>
<li><ul>
<li>v akční nabídce i další druhy dámských a pánských, kožených
a syntetických pásků</li>
</ul></li>
</ul>
<p>Obrázek ukazuje zlevněný produkt z hypermarketu. Na červeném pozadí
je nápis “VYHODNĚ!” a pod ním velká cena “749⁹⁰”. Malým písmem je
uvedena cena 749,90 Kč. Spodní část obrázku obsahuje opakující se symbol
procenta.</p>
<p>Obrázek zobrazuje cenovku se slevou. Dominantní prvek je velké
červené číslo <strong>399<sup>90</sup></strong>. Nahoře je nápis
<strong>“VYHODNĚ!”</strong> v bílém písmu na červeném pozadí. Cena je
udána v českých korunách (Kč) a desetinná místa (90 haléřů) jsou napsána
menším písmem jako horní index. Celkově se jedná o marketingový nástroj,
který má upozornit zákazníka na výhodnou cenu produktu.</p>
<p>Na obrázku je světlounce růžový dámský pásek s kulatou zlatou
přezkou. Pásek je hladký a zdá se být vyrobený z umělé kůže. Na pásku
jsou viditelné dírky pro zapínání.</p>
<p>Na obrázku je vidět text: <strong>299,90 Kč</strong>. Z toho vyplývá,
že se jedná o zlevněný produkt, který se v hypermarketu prodává za 299
korun a 90 haléřů.</p>
<h2 id="batoh">Batoh</h2>
<ul>
<li><ul>
<li>dámský</li>
</ul></li>
</ul>
<h2 id="taška">Taška</h2>
<ul>
<li><ul>
<li>pánská</li>
</ul></li>
<li><ul>
<li>v akční nabídce i další druhy vybraných dámských kabelek, batohů
a peněženek</li>
</ul></li>
<li><ul>
<li>v akční nabídce také další druhy pánských tašek</li>
</ul></li>
</ul>
<p>Na obrázku je malý dámský batoh ve světle béžové barvě s potiskem
písmen „SY“ a nápisem „Sweet Years“. Batoh má tvar polokoule, přední
stranu s kapsou a nastavitelné popruhy.</p>
<p>Text na batohu: * <strong>SY:</strong> Pravděpodobně zkratka značky
nebo designového prvku. * <strong>Sweet Years:</strong> Název značky
nebo kolekce batohu.</p>
<p>Cena produktu není na obrázku uvedena.</p>
<p>Na obrázku je tmavě modrá crossbody taška. Má jednoduchý, obdélníkový
tvar s jedním velkým hlavním prostorem a několika menšími kapsami na
přední straně. Taška má nastavitelný popruh a madlo pro nošení v
ruce.</p>
<p>V levém horním rohu je červený nápis “%”, který naznačuje, že taška
je v akci nebo zlevněna. Bohužel, konkrétní cena není uvedena, takže
nemohu říci, o jakou slevu se jedná.</p>
<p>Uvedená akční nabídka dámských a pánských oděvů neplatí pro
hypermarket Praha-Černý Most a Praha-Štěrboholy</p>
<p>-25 %</p>
<p>28%</p>
<p>Na obrázku je reklama na zlevněné trička značky LOAP v hypermarketu
Globus.</p>
<p>Text na obrázku:</p>
<ul>
<li><p><strong>“NA DÁMSKÁ A PÁNSKÁ TRIČKA ZNAČKY LOAP”</strong> –
informuje o produktu, na který se sleva vztahuje.</p></li>
<li><p><strong>“-5%”</strong> – označuje výši slevy.</p></li>
<li><p><strong>“SLEVA NAVÍC S VĚRNOSTNÍM PROGRAMEM”</strong> –
upřesňuje, že sleva je dostupná pouze pro členy věrnostního
programu.</p></li>
<li><p><strong>“MŮJ GLOBUS”</strong> – logo věrnostního
programu.</p></li>
<li></li>
</ul>
<p>34990</p>
<p>249</p>
<p>90</p>
<p>Obrázek zobrazuje zlevněný produkt z hypermarketu. Původní cena
produktu byla 449,90 Kč, což je přeškrtnuté. Nová cena je 329,90 Kč.
Sleva činí 26%. Text na obrázku hlásí „AKCE!“.</p>
<h2 id="tričko">Tričko</h2>
<ul>
<li><ul>
<li>pánské</li>
</ul></li>
<li><ul>
<li>v akční nabídce široký sortiment triček a polotriček za ačkní
ceny</li>
</ul></li>
</ul>
<p>Obrázek zobrazuje zlevněný produkt označený nápisem “LOAP”. Je to
pravděpodobně značka oblečení nebo obuvi nabízená ve slevě. Pod nápisem
se nachází ikonický symbol - stylizované “O” s vlnkou, který značku
identifikuje. Cena produktu není uvedena.</p>
<p>Neplatí na již zlevněné zboží. Slevy se odečítají postupně. Sleva
bude odečtena na pokladně po předložení karty Můj Globus.</p>
<p>Na obrázku je červené tričko s krátkým rukávem. Na levé straně
hrudníku je decentní logo ve tmavě modré barvě. V levém horním rohu
obrázku je nálepka s procentuálním slevou (číslo je nečitelné).</p>
<h2 id="šortky">Šortky</h2>
<ul>
<li><p>pánské</p></li>
<li><ul>
<li>v akční nabídce také šortky za 449,90</li>
</ul></li>
</ul>
<p>Na obrázku jsou tmavě modré šortky s elastickým pasem a stahovací
šňůrkou. V pravém dolním rohu je logo značky, které je stylizované do
tvaru spirály. V levém horním rohu je červené pole s bílým textem
„SLEVA“. Pod ním je cena: 2,99.</p>
<p>Na obrázku je reklama na zlevněné dámské sandály značky Mustang.</p>
<p><strong>Text na obrázku:</strong></p>
<ul>
<li><strong>NA VYBRANOU OBUV ZNAČKY MUSTANG:</strong> Oznamuje, že sleva
platí na vybrané modely obuvi Mustang.</li>
<li><strong>AKCE! -30%:</strong> Značí 30% slevu na vybrané
produkty.</li>
<li><strong>MUSTANG:</strong> Název značky obuvi.</li>
</ul>
<p><strong>Popis obuvi:</strong></p>
<p>Na obrázku jsou zobrazeny tři různé modely dámských sandálů:</p>
<ol type="1">
<li><strong>Bílé sandály s hnědou podrážkou a pásky kolem
kotníku.</strong> Pásky jsou tenké a elegantní.</li>
<li><strong>Hnědé sandály s pásky přes prsty a kolem kotníku.</strong>
Vypadají pohodlně a ležérně.</li>
<li><strong>Tmavě modré sandály s pásky přes prsty a nápisem “MUSTANG”
na pásku.</strong> Sandály jsou sportovnějšího vzhledu.</li>
</ol>
<p>Všechny sandály vypadají stylově a pohodlně a jsou pravděpodobně
určeny pro letní období.</p>
<p>teina ska souprava</p>
<ul>
<li></li>
<li></li>
</ul>
<p>|, ARCE! PA A» o |, AKE APA</p>
<h2 id="váš-svět-nízkých-cen-8">VÁŠ SVĚT NÍZKÝCH CEN</h2>
<p>PLATNOST STRANY 23. 4. – 6. 5.</p>
<p>12%</p>
<p>39990</p>
<p>34990</p>
<p>25%</p>
<p>299 299</p>
<p>90 90</p>
<p>299 299</p>
<p>90 90</p>
<p>Obrázek zobrazuje výraznou cenovku s nápisem “Výhodně!”. Cena
produktu je 1799,- Kč. Pod cenou jsou symboly procent, což naznačuje
slevu nebo výhodnou nabídku.</p>
<p>Na obrázku je reklamní leták hypermarketu Globus. Na zeleném pozadí
je nápis “MŮJ GLOBUS” velkými bílými písmeny a červené srdce. Pod
nápisem je drobnější text: “UŠETŘÍTE KAŽDÝ DEN”.</p>
<h2 id="ceresit-stop-aero-360">Ceresit stop Aero 360 °</h2>
<ul>
<li><p>450 g</p></li>
<li><ul>
<li>tablety 2× 450 g za 199,90</li>
</ul></li>
<li><ul>
<li>v akční nabídce i další druhy</li>
</ul></li>
</ul>
<p>Na obrázku je balení produktu “STOP vlhkosti Hero 360° Pohlcovač
vlhkosti”. Jedná se o výrobek určený k pohlcování vlhkosti a zápachu v
interiéru.</p>
<p><strong>Text na obalu:</strong></p>
<ul>
<li><strong>STOP vlhkosti</strong> - Název značky</li>
<li><strong>Hero 360°</strong> - Název konkrétního produktu</li>
<li><strong>Pohlcovač vlhkosti</strong> - Určení produktu</li>
<li><strong>2v1</strong> - Produkt plní dvě funkce - pohlcuje vlhkost a
zápach</li>
<li><strong>Pohlcuje vlhkost a zápach</strong> - Zopakování funkce
produktu</li>
<li><strong>60 dní</strong> - Doba účinnosti produktu</li>
<li><strong>Cena: 89,90 Kč</strong> (vpravo dole)</li>
<li>Na levé straně v horní části je uvedeno: “Odstraňuje plíseň a
nepříjemný zápach”</li>
</ul>
<p>Produkt je propagován jako výhodné balení díky jeho dlouhé životnosti
(60 dní) a dvojité funkci. Je určen k boji proti vlhkosti, plísním a
nepříjemným zápachům.</p>
<p>Na obrázku jsou dva zlevněné produkty z hypermarketu.</p>
<p><strong>Levá strana:</strong></p>
<ul>
<li><strong>Produkt:</strong> Letní směs do ostřikovačů Glacidet Penguin
Lady Nano 4l.</li>
<li><strong>Původní cena:</strong> 64,90 Kč.</li>
<li><strong>Sleva:</strong> 30 %.</li>
<li><strong>Nová cena:</strong> 44,90 Kč.</li>
<li><strong>Text na etiketě:</strong> Obsahuje obrázek tučňáka a nápis
“Letní” a “Glacidet Penguin Lady”.</li>
<li><strong>Další text:</strong> AC-11 = 13,75 Kc. 11 = 1123</li>
</ul>
<p><strong>Pravá strana:</strong></p>
<ul>
<li><strong>Produkt:</strong> Autovůně California Scents.</li>
<li><strong>Popis:</strong> Krabička s různými druhy vůní.</li>
<li><strong>Původní cena:</strong> 89,90 Kč.</li>
<li><strong>Sleva:</strong> 22 %.</li>
<li><strong>Nová cena:</strong> 69,90 Kč.</li>
<li><strong>Text na etiketě:</strong> “California Scents” a název vůně
“Monterey Vanilla”. Uvádí se také množství: 60 dní.</li>
</ul>
<p>Obrázek zobrazuje reklamní banner hypermarketu Banner. Na banneru je
zobrazeno siluetou psa a text “Banner”. Ceny nebo informace o zlevněném
produktu nejsou zobrazeny.</p>
<h2 id="autobaterie-starting-bull">Autobaterie Starting Bull</h2>
<ul>
<li><ul>
<li>44 Ah, 12 V</li>
</ul></li>
<li><ul>
<li>55 Ah, 12 V za 2099,-</li>
</ul></li>
<li><ul>
<li>72 Ah, 12 V za 2899,-</li>
</ul></li>
</ul>
<p>Obrázek zobrazuje červenou kruhovou ceduli s bílým nápisem „carlson“.
Zdá se, že se jedná o značku produktu nebo reklamní propagační materiál.
Není zde žádná cena ani další informace o produktu.</p>
<p>Obrázek zobrazuje vlajku České republiky. Nepředstavuje žádný
zlevněný/výhodný produkt z hypermarketu ani neobsahuje text s cenou.</p>
<p>Na obrázku je automobilová baterie značky Banner Standing Bull. Je
černá a má červené štítky. Na štítcích je logo - silueta býka a nápis
“Banner STANDING BULL”. V levém horním rohu je výrazná červená cedulka s
procentuálním slevou. Produkt je evidentně nabízen ve výprodeji nebo
jako výhodný nákup v hypermarketu.</p>
<p>Obrázek zobrazuje cenovku s informací o slevě.</p>
<ul>
<li><strong>Text:</strong> “AKCE!”, “-24%”</li>
<li><strong>Původní cena:</strong> 289,90 Kč (přeškrtnuto)</li>
<li><strong>Nová cena:</strong> 219,90 Kč</li>
</ul>
<p>Jedná se o reklamu na zlevněný produkt, který je nyní možné zakoupit
za 219,90 Kč místo původních 289,90 Kč. Sleva činí 24 %.</p>
<h2 id="balakryl-uni">Balakryl UNI</h2>
<ul>
<li><ul>
<li>lesk, mat</li>
</ul></li>
<li><ul>
<li>univerzální vodou ředitelná barva na dřevo, kov, hliník a beton</li>
</ul></li>
<li><ul>
<li>vysoce odolná</li>
</ul></li>
<li><ul>
<li>různé odstíny</li>
</ul></li>
</ul>
<h2 id="kg">0,7 kg</h2>
<p>1 kg = 314,14</p>
<p>Obrázek zobrazuje zlevněný produkt, pravděpodobně automatický vysavač
na okna. Na obalu je nápis „Cleanfix“ a výrazná cena „330,-“. V dolní
části je logo „OBI“. Na obalu je vidět grafické zobrazení vysavače na
okně a naznačeno čištění oken.</p>
<p>Na obrázku je plechovka s barvou <strong>Balakryl UNI</strong> -
univerzální barva na kov a dřevo.</p>
<p><strong>Text na plechovce:</strong></p>
<ul>
<li><strong>BALAKRYL</strong> - Název značky.</li>
<li><strong>UNI</strong> - Název konkrétního produktu (univerzální
barva).</li>
<li><strong>UNIVERZÁLNÍ BARVA NA KOV A DŘEVO</strong> - Popis
produktu.</li>
<li><strong>TIKO LOGICKÉ ŘEŠENÍ</strong> - Logo a slogan.</li>
<li><strong>VODOUŘEDITELNÁ</strong> - Informace o ředitelnosti
barvy.</li>
<li><strong>EXTERIÉR INTERIÉR</strong> - Uvedeno, že je barva vhodná jak
pro vnitřní, tak vnější použití.</li>
</ul>
<p>Na plechovce je také náhled na natřený vzorek s reliéfním dekorem.
Ačkoli cena není na obrázku vidět, tento produkt je často nabízen ve
slevách nebo akcích v hypermarketech.</p>
<p>Obrázek zachycuje reklamu na zlevněný produkt. Produkt původně stál
899,90 Kč, nyní je zlevněn o 27 % a stojí 649,90 Kč. Reklama je bílá s
červenými prvky a nápisy „AKCE!“ a „-27%“.</p>
<h2 id="luxol-originál">Luxol Originál</h2>
<ul>
<li><ul>
<li>lazurovací lak na ochranu dřeva</li>
</ul></li>
<li><ul>
<li>různé odstíny</li>
</ul></li>
<li><ul>
<li>2,5 l za 519,90 4,5 l</li>
</ul></li>
<li>1 l = 144,42</li>
</ul>
<p>Obrázek zachycuje plechovku barvy na dřevo Luxol Original. Na přední
straně je vidět obrázek dřevěného plotu natřeného tmavě hnědou
barvou.</p>
<p>Text na obrázku:</p>
<ul>
<li><strong>LUXOL</strong> – Název výrobku.</li>
<li><strong>ORIGINÁL</strong> – Označení typu barvy.</li>
<li><strong>VYLEPŠENÁ RECEPTURA</strong> – Informace o vylepšeném
složení barvy.</li>
</ul>
<p>Na boku plechovky je napsáno: “2,5l”, což indikuje objem barvy 2,5
litru. Cena na obrázku není uvedena, takže se nemohu vyjádřit k
ceně.</p>
<p>Obrázek zobrazuje slevovou cedulku s označením akce. Původní cena
produktu byla 169,90 Kč, která je přeškrtnutá. Nyní je produkt ve slevě
a jeho cena je 129,90 Kč. Sleva činí 23 %.</p>
<h2 id="motorový-olej">Motorový olej</h2>
<p>Obrázek zobrazuje reklamu na zlevněný produkt. Původní cena produktu
byla 129,90 Kč, nyní je zlevněna na 89,90 Kč. Sleva činí 30%. Text “cena
od” naznačuje, že se jedná o cenu od určitého množství nebo varianty
produktu.</p>
<ul>
<li><ul>
<li>10W-40</li>
</ul></li>
<li><p>1 l</p></li>
<li><ul>
<li>v akční nabídce i další druhy</li>
</ul></li>
</ul>
<p>Obrázek zobrazuje cenovku s informací o slevě. Původní cena produktu
byla 119,90 Kč, nyní je produkt ve slevě a stojí 69,90 Kč. Sleva činí 41
%. Text na obrázku hlásá “AKCE!”.</p>
<h2 id="ředidlo-s-6006">Ředidlo S 6006</h2>
<ul>
<li><ul>
<li>k ředění olejových</li>
</ul></li>
<li>a syntetických nátěrových hmot</li>
<li><ul>
<li>v akční nabídce i další ředidla a čističe Severochema</li>
</ul></li>
</ul>
<p>700 ml</p>
<p>100 ml = 9,99</p>
<p>Na obrázku je plastová láhev s motorovým olejem značky Carlson.</p>
<p><strong>Popis produktu:</strong></p>
<ul>
<li><strong>Značka:</strong> Carlson</li>
<li><strong>Typ:</strong> Motorový olej</li>
<li><strong>Kvalita:</strong> Premium Quality</li>
<li><strong>Objem:</strong> 1 litr</li>
<li><strong>Viskozita:</strong> 10W-40</li>
<li><strong>Typ oleje:</strong> Polosyntetický (Semi)</li>
</ul>
<p><strong>Cena:</strong> Na obrázku není cena uvedena.</p>
<p>Na obrázku je plechovka barvy “Redidlo S 6006” od společnosti
Severochema.</p>
<ul>
<li><strong>Redidlo S 6006:</strong> Název produktu, speciální
ředidlo.</li>
<li><strong>Severochema:</strong> Značka výrobce.</li>
<li><strong>Obsah 700 ml:</strong> Udává objem ředidla v plechovce.</li>
<li><strong>Ceny a další detaily:</strong> Na obrázku nejsou uvedeny
žádné ceny, ani jiné informace o slevách nebo výhodných nabídkách.</li>
<li><strong>Štítky:</strong> Je zde vidět štítek “Originál
výrobek”.</li>
</ul>
<p>Celkově se jedná o produkt, který se pravděpodobně prodává v
hypermarketech nebo obchodech s barvami a nářadím.</p>
<p>Obrázek zobrazuje zlevněný produkt s označením “AKCE!”. Původní cena
produktu je přeškrtnutá a činila 199,90 Kč. Nová, zlevněná cena je
129,90 Kč. Slevu vyjadřuje kruh s nápisem “-35%”.</p>
<h2 id="oho-rohožka">OHO Rohožka</h2>
<ul>
<li><ul>
<li>rozměr 45 x 75 cm</li>
</ul></li>
<li><ul>
<li>různé druhy</li>
</ul></li>
</ul>
<p>Obrázek zachycuje barevný grafický prvek, který propaguje slevu v
hypermarketu. Na žlutém kruhu je velkými bílými písmeny napsáno slovo
“OHO”. Jedná se o značku, která signalizuje výhodnou cenu nebo speciální
nabídku. Zbytek kompozice tvoří barevné šmouhy a skvrny v odstínech
zelené, modré a růžové. Z obrázku nelze vyčíst konkrétní cenu produktu
ani o jaký produkt se jedná.</p>
<p>Obrázek zachycuje rohožku na dveře s motivem ptáčků a nápisem
“Welcome”. Rohožka je vyrobena z kokosových vláken v hnědé barvě. Na
rohožce jsou vyobrazeny dva ptáčci usedající na větvi stromu, obklopeni
hudebními notami. Nápis “Welcome” je napsán zakrouceným písmem a je
umístěn v horní části rohožky.</p>
<p>Cena tohoto produktu v hypermarketu je <strong>99,90 Kč</strong>.</p>
<p>(ilustrační foto)</p>
<h2 id="stěrač-plochý-flexi">Stěrač plochý FLEXI</h2>
<ul>
<li><ul>
<li>balení 1 ks</li>
</ul></li>
<li><ul>
<li>je vybaven grafitovým břitem pro výtečné stírání</li>
</ul></li>
<li><ul>
<li>různé velikosti</li>
</ul></li>
</ul>
<p>Obrázek zobrazuje propagační cedulku se zlevněným produktem. Původní
cena je 129,90 Kč, která je přeškrtnutá. Nová cena po slevě 30 % je
89,90 Kč. V horní části cedulky je text “AKCE!”.</p>
<h2 id="malířská-souprava">Malířská souprava</h2>
<ul>
<li><p>stírací mřížka a váleček 25 cm</p></li>
<li><ul>
<li>pro malířské a fasádní barvy</li>
</ul></li>
<li><ul>
<li>štětec malířský 70 mm standard za 29,90</li>
</ul></li>
<li><ul>
<li>v akční nabídce i další vybrané příslušenství na malování</li>
</ul></li>
</ul>
<p>Obrázek zobrazuje sadu na malování, konkrétně váleček s teleskopickou
tyčí a plastovou vaničkou.</p>
<ul>
<li><strong>Váleček:</strong> Je s hnědou, jemnou povrchovou úpravou.
Pravděpodobně určený pro nanášení barvy na stěny a strop.</li>
<li><strong>Teleskopická tyč:</strong> Černá, s plastovou rukojetí,
umožňuje nastavení délky pro pohodlnější práci.</li>
<li><strong>Vanička:</strong> Černá, s plastovou mřížkou pro odkapávání
přebytečné barvy z válečku. Mřížka má šikmý vzor pro usnadnění
odkapávání.</li>
</ul>
<p>Na obrázku je patrný text, který naznačuje cenu:
<strong>99,9⁰</strong> – což znamená 99,90 Kč.</p>
<p>Obrázek zobrazuje zlevněnou vodovodní baterii. Jedná se o moderní
baterii s vysokým, otočným výtokem a chromovým provedením.</p>
<p>Text na obrázku:</p>
<ul>
<li><strong>AKCE!</strong> - Zvýrazňuje, že se jedná o akční
nabídku.</li>
<li><strong>NA VODOVODNÍ BATERIE</strong> - Označuje typ produktu.</li>
<li><strong>Neplatí pro již zlevněné výrobky.</strong> - Upozornění na
podmínky akce.</li>
<li><strong>PŘÍKLAD CENY 899⁹⁰</strong> - Původní cena baterie.</li>
<li><strong>719⁹⁰</strong> - Nová cena baterie po slevě 20 %.</li>
<li><strong>(ilustrační foto)</strong> – Upozornění, že se jedná o
ilustrační fotografii a skutečný výrobek se může mírně lišit.</li>
<li><strong>-20%</strong> – Označuje výši slevy.</li>
</ul>
<p>Obrázek zobrazuje logo hypermarketu Globus. Logo je ve tvaru oválu s
oranžovým nápisem “Globus” a zelenými prvky. Jedná se o informační
grafiku, která signalizuje, že se jedná o zlevněný nebo výhodný produkt
v hypermarketu Globus. Cena produktu není na obrázku uvedena.</p>
<p>Na obrázku je logo značky “Cattara” s mottem “touch the freedom”.
Jedná se o logo a pravděpodobně se vyskytuje na produktech této značky,
které by mohly být nabízeny v hypermarketu. Neposkytuje žádné informace
o zlevněném produktu ani ceně.</p>
<h2 id="aktuality-z-globusu-brno">AKTUALITY Z GLOBUSU BRNO</h2>
<p>Obrázek zachycuje muže v bílém tričku a zelené zástěře s nápisem
“SBÍRKA POTRAVIN”. V rukou drží plastový box plný potravin (zřejmě
konzervy a další trvanlivé produkty).</p>
<p>Text na obrázku:</p>
<ul>
<li><strong>26,</strong> - Cena, pravděpodobně cena za box
potravin.</li>
<li><strong>DUBNA</strong> - Název hypermarketu.</li>
<li><strong>ČAS SBÍRKY 8-18 hod.</strong> - Čas, kdy je možné se
účastnit sbírky potravin.</li>
</ul>
<p>Obrázek pravděpodobně informuje o probíhající sbírce potravin v
hypermarketu Dubna a uvádí cenu za box a časové rozmezí sbírky.</p>
<p>Na obrázku je červený kruhový štítek s nápisem „-45 %“ velkými bílými
písmeny. Pod tím je text „ZA 8 BODŮ“ menším písmem. To znamená, že
produkt je zlevněn o 45 % a je možné ho zakoupit za 8 věrnostních bodů.
V pravém horním rohu je vidět část oranžového štítku s nápisem
„globus“.</p>
<p>Otevírací doba hypermarketu: denně 7.00 — 21.00</p>
<p>Restaurace: 7.30 — 20.00</p>
<p>Obrázek zobrazuje zelený banner s logem Facebooku a textem “Globus
Česko”. Zřejmě se jedná o reklamní banner, který propaguje slevy nebo
nabídky hypermarketu Globus prostřednictvím sociální sítě Facebook.
Neobsahuje informace o konkrétním zlevněném produktu nebo ceně.</p>
<p>Na obrázku je vidět reklama s logem Instagramu a textem “<span
class="citation" data-cites="GlobusCesko">@GlobusCesko</span>”. Jedná se
o propagaci profilu hypermarketu Globus na sociální síti Instagram.
Nenachází se zde žádný konkrétní zlevněný/výhodný produkt, ani žádná
cena.</p>
<p>www.globus.cz</p>
<p>Obrázek zobrazuje logo hypermarketu Globus. Je to oranžové písmo
“Globus” v moderním fontu na bílém obdélníku s oranžovým obrys. Obdélník
je uzavřen v kruhovém rámu s obrazcem Zeměkoule v zelené barvě. Logo
signalizuje možnost nákupu zboží za výhodné ceny v síti obchodů
Globus.</p>
<p>Obrázek zobrazuje logo hypermarketu Globus. Logo se skládá ze
stylizované postavy s rukama zdviženýma k oranžovému slunci, které je
umístěno nad postavou. Pod postavou a sluncem jsou dva zelené kruhy,
které vytvářejí dojem Země nebo světa. Pod logem je text “GLOBUS” a pod
ním text “PRO LEPŠÍ SVĚT”. Celý design naznačuje zaměření hypermarketu
na udržitelnost a sociální odpovědnost.</p>
<p>Obrázek zobrazuje zelenou ikonu s vyobrazením dvou kusů zeleniny,
pravděpodobně paprik. Jedná se o označení zlevněného/výhodného produktu
v hypermarketu. Cena není viditelná, ale ikona naznačuje, že se jedná o
výhodnou nabídku zeleniny.</p>
<p>Obrázek zobrazuje multifunkční sekeru s oranžovou rukojetí a černým
tělem. Jedná se o nástroj 6 v 1 o délce 18 cm. Sekera obsahuje sekeru,
kladivo, pilku, nůž, otvírák na láhve a pravděpodobně další nástroje. V
horní části obrázku je text “6in1 18cm”, což znamená, že se jedná o
nástroj s 6 funkcemi o délce 18 centimetrů.</p>
<p>Na obrázku je zelený turistický batoh. Má několik kapes, včetně dvou
bočních síťovaných kapes. Batoh má stahovací šňůrky a popruhy pro
uchycení dalšího vybavení. Na batohu je vidět logo výrobce. V dolní
části obrázku je štítek s cenou: <strong>299,90 Kč</strong>. Jedná se o
zlevněný produkt nabízený v hypermarketu.</p>
<p>Obrázek zobrazuje kruhovou samolepku s nápisem “-40%” bílým písmem na
červeném pozadí. Značí slevu 40 % na nějaký produkt v hypermarketu.</p>
<p>Na obrázku je zobrazena sada hrnců „Cattara Triple“, která obsahuje
tři hrnce. Jsou tmavě šedé barvy, vyrobené z anodizovaného hliníku.</p>
<p><strong>Popis produktu:</strong></p>
<ul>
<li><strong>Název:</strong> Nádobí Cattara Triple</li>
<li><strong>Počet kusů:</strong> 3</li>
<li><strong>Rozměry:</strong> Transportní rozměry 18,5 x 13 cm</li>
<li><strong>Hmotnost:</strong> 670 g</li>
<li><strong>Materiál:</strong> Anodizované hliníkové nádobí</li>
</ul>
<p><strong>Cena:</strong></p>
<ul>
<li>Původní cena: 699,90 Kč</li>
<li>Akční cena: 399,90 Kč + 8 bodů</li>
<li>Sleva: -42 %</li>
</ul>
<p>Obrázek obsahuje také informace o rozměrech a hmotnosti sady, jakož i
o materiálu, ze kterého je vyrobena.</p>
<p>PRO LEP GUAT</p>
<p>Obrázek zobrazuje logo hypermarketu Globus. V popředí je stylizovaná
silueta postavy s rukama vztyčenýma k slunci, vše v oranžové barvě.
Pozadí tvoří zelený kruh připomínající Zemi. Pod logem je nápis “GLOBUS”
a pod ním “PRO LEPŠÍ SVĚT”. Obrázek samotný nevypovídá o žádném
konkrétním zlevněném produktu.</p>
<p>Obrázek obsahuje logo organizace “ADAM - autistické děti a my”. Jedná
se o barevné logo, kde je jméno ADAM napsáno velkými písmeny v různých
barvách – červená, zelená, modrá a žlutá. Nad písmeny je kresba
stylizované dětské hlavičky s úsměvem. Pod nápisem ADAM je text
“autistické děti a my”. Z obrázku nelze vyčíst žádné informace o
zlevněných produktech nebo cenách.</p>
<p>Čerpací stanice: NONSTOP</p>
<p>Mycí linka: 7.00—21.00</p>
<p>Brno-Ivanovice | Hradecká 40, 621 00 | infolinka zdarma 800 241 242
e-mail: info@globus.cz , provoz infolinky: denně 7 .00–21.00</p>
<p>Café Globus: 7.00 — 20.30</p>
<p>Obrázek zachycuje červenou kruhovou nálepku s bílým textem “-45%”.
Jedná se o reklamu, signalizující slevu 45 % na nějaký produkt. V
hypermarketech se podobné nálepky používají k označení zlevněného
zboží.</p>
<h2 id="vyuzivejte-sve-kupony">VYUZIVEJTE SVE KUPONY</h2>
<p>Na obrázku jsou tři lahve limonád - Pepsi, Mirinda a 7Up. Všechny
jsou v plastových lahvích a jsou zobrazeny vedle sebe.</p>
<p>Nad lahvemi je červený rámeček s textem “-14 Kč”. To znamená, že
všechny tři limonády jsou zlevněné o 14 korun českých.</p>
<p>Sleva na sieva na zmrzliny</p>
<p>= limonády Pepsi, ee D) jnacky Mirinda, 7UP ¡ES &gt; We zuolensky 151
DS LG NES 20m</p>
<p>Na obrázku jsou tři kelímky zmrzliny od výrobce Prima. Zleva je
kelímek s příchutí čokoláda, uprostřed vanilka a napravo s příchutí
marhule. Na každém kelímku je vyobrazen motiv odpovídající chuti –
čokoládové kousky, vanilková zmrzlina a marhule. Na štítku je nápis
“Prima” a pod ním název příchutě. Pod tímto nápisem je nápis “zmrzlina”.
V horní části obrázku je červený štítek s textem “-35%” což značí slevu
35%. Cena produktu není na obrázku uvedena.</p>
<ul>
<li>Sleva na vyrobky ı pro psy a kocky | znacky Reno</li>
</ul>
<p>Na obrázku je zlevněný produkt pro kočky - krmivo Reno. Je zde vidět
balení vlhkého krmiva v podobě konzerv a kartonů.</p>
<p><strong>Text na obalech:</strong></p>
<ul>
<li><strong>RENO</strong> - název značky krmiva.</li>
<li><strong>delicatessa</strong> - nápis naznačuje, že se jedná o
delikatesu pro kočky.</li>
<li><strong>s kuřecím</strong> - druh krmiva.</li>
<li><strong>s hovězím</strong> - druh krmiva.</li>
<li><strong>Kompletní vyvážené krmivo pro dospělé kočky</strong> - popis
produktu.</li>
<li>Na červeném štítku je nápis <strong>-30%</strong>, což indikuje
slevu 30% na tento produkt.</li>
</ul>
<p>Na pozadí je vidět kočka, která má hnědo-bílý kožíšek.</p>
<p>Obrázek zobrazuje logo hypermarketu Globus. Logo se skládá z
oranžového nápisu “Globus” na žlutém podkladu a zeleného kulatého
symbolu s liniemi. Nepředstavuje žádný konkrétní zlevněný produkt, pouze
značku hypermarketu.</p>
<p>Obrázek zobrazuje zelenou šablonu s procentuálním symbolem (%).
Indikuje slevu na produkt. Šablona je oříznutá a má dekorativní
perforaci po stranách. Zdá se, že jde o grafickou reprezentaci slevového
kupónu nebo označení výhodné ceny v hypermarketu.</p>
<p>Kupony si aktivujte ve svem uctu v aplikaci Ci na webu Stannete si
nebo aktualizujte nebo na kiosku Muj Globus aplikaci Múj Globus.</p>
<p>v hypermarketu. Na pokladne vzdy &gt; naskenujte svou kartu Müj
Globus. o</p>
<p>Obrázek zobrazuje logo hypermarketu Globus. Jedná se o oranžové
čtvercové pozadí s bílým oválem, který obsahuje nápis “globus” červeným
písmem. Nad a pod nápisem jsou zelené listy. Obrázek samotný neobsahuje
žádné informace o zlevněném produktu ani cenu.</p>
<p>Obrázek obsahuje dva bannery:</p>
<ul>
<li><strong>Horní banner:</strong> Zobrazuje logo Apple a text “Stáhni v
App Store”.</li>
<li><strong>Dolní banner:</strong> Zobrazuje logo Google Play a text
“NYNÍ NA Google Play”.</li>
</ul>
<p>Obrázek slouží jako reklama na mobilní aplikace dostupné ke stažení v
App Store a Google Play. Nepřítomna je informace o zlevněném/výhodném
produktu.</p>
<p>Chleb kminovy naleny</p>
<p>President platkovy syr</p>
<p>ruzne druhy</p>
<p>IOÙ q</p>
<p>Nahlik Polevky ruzné druhy</p>
<p>DOU Y</p>
<p>I0Ù q = 768</p>
<p>Na obrázku vidím reklamu hypermarketu Globus a jeho služby Foodora.
Zobrazuje různé zlevněné a výhodné produkty.</p>
<p><strong>Popis zlevněných/výhodných produktů:</strong></p>
<ul>
<li><strong>Chléb kmínový</strong> (19,90 Kč -&gt; 14,90 Kč, sleva 25%)
- 500g balení, obsahuje žitný kvás.</li>
<li><strong>Brambory konzumní rané</strong> (34,90 Kč -&gt; 19,90 Kč,
sleva 42%) - 1kg balení.</li>
<li><strong>President Emental</strong> (51,90 Kč -&gt; 31,90 Kč, sleva
38%) - plátkový sýr 100g.</li>
<li><strong>Panzani těstoviny</strong> (32,90 Kč) - různé druhy, 500g
balení.</li>
<li><strong>Gourmet krmivo pro kočky</strong> (12,90 Kč) - různé druhy,
400g balení.</li>
<li><strong>Něhlík polévkový</strong> (69,90 Kč -&gt; 47,90 Kč, sleva
31%) - 700ml balení.</li>
<li><strong>Šproty v oleji</strong> (59,90 Kč -&gt; 44,90 Kč, sleva 25%)
- 175g balení.</li>
<li><strong>Týčinky Kinder</strong> (139,90 Kč -&gt; 99,90 Kč, sleva
28%) - Na chlazení.</li>
<li><strong>Relax PET</strong> (24,90 Kč) - 100% džusy – pomeranč,
citron-mango, červená řepa-jablko, jablko-limetka-kakus, 1L balení.</li>
</ul>
<p><strong>Text na obrázku:</strong></p>
<ul>
<li><strong>“Nákupy z Globusu až k vám domů přiveze Foodora”</strong> -
hlavička, která představuje spolupráci s rozvozovou službou
Foodora.</li>
<li><strong>“Rychlé a spolehlivé doručení, více než 18000 produktů
potravin a drogérie, rozvážíme každý den.”</strong> - popis výhod služby
Foodora.</li>
<li><strong>“Stáhnět aplikaci Foodora”</strong> - výzva k stažení
aplikace.</li>
<li><strong>“VYHODNĚ!”</strong> a <strong>“AKCE!”</strong> - označení
zlevněných produktů.</li>
<li><strong>“Můj Globus”</strong> - označení produktů v rámci
věrnostního programu.</li>
<li><strong>“Ověřte si z ceny zlevněno ve sčíta,”</strong> - slogan
upoutávající na akční ceny.</li>
<li><strong>“Zlevněno i ve sčíta.”</strong> - slogan upoutávající na
akční ceny.</li>
<li>Na dně obrázku je nápis <strong>“S potravinami to
nepřehánějte.”</strong></li>
</ul>
<p>Na obrázku jsou uvedeny ceny produktů v českých korunách, s
desetinným místem odděleným čárkou.</p>
<p>AC = měrná cena platná pro akční nebo zvýhodněnou cenu, KC = měrná
cena platná s kartou Můj Globus</p>
<p>NT VV 9 7 VE</p>
<p>voll</p>
<p>Na obrázku je logo hypermarketu Globus. Jedná se o oranžový nápis
“Globus” s bílým lemováním, umístěný v oválném rámečku. Nad a pod
nápisem jsou zelené segmenty připomínající polokoule, které zdůrazňují
celosvětový rozsah nabídky. Logo signalizuje, že se jedná o obchod s
širokým sortimentem zboží za výhodné ceny.</p>
<h2 id="delší-platnost-od-2.-4.-do-29.-4.-2025">DELŠÍ PLATNOST od 2. 4.
do 29. 4. 2025</h2>
<p>Rio Mare Makrela různé druhy 120-169 g 100 g od 44,32</p>
<p>47-85 Q</p>
<p>100 a od 36,02</p>
<p>Obrázek zobrazuje cenovku s nápisem “VÝHODNĚ!”. Cena produktu je
74,90 Kč. Nápis “VÝHODNĚ!” signalizuje slevu nebo výhodnou nabídku.
Číslo 90 je menším písmem, což naznačuje haléře.</p>
<p>o</p>
<p>ravinarsky 8% an | jap</p>
<p>Na obrázku je plechovka s filety makrely v rajčatové omáčce od
výrobce Rio Mare. Na přední straně je nápis “Rio Mare” velkým písmem a
pod tím “Mackerel Fillets in Tomato Sauce”. Dále je zde logo “MSC”
(Marine Stewardship Council), které označuje, že produkt pochází z
udržitelného rybolovu. V levém horním rohu je vidět nápis „New“. V
pravém horním rohu je nápis „6 %“. Předpokládám, že se jedná o označení
slevy, neboť produkt je ve výprodeji.</p>
<p>Obrázek zachycuje cenovku s nápisem “VYHODNÉ!”. Cena produktu je
34,90 Kč. Pod cenou jsou patrné znaky procent (%) - pravděpodobně
indikující výši slevy, která ale není přímo uvedena. Celý design cenovky
je proveden v červené a bílé barvě, což má poutat pozornost.</p>
<p>100</p>
<p>Bonduelle zelenina různé druhy</p>
<p>150-200 g, p. p. 90-140 g</p>
<p>100 g od 24,93</p>
<p>nn</p>
<p>Na obrázku je plechovka hrášku značky Bonduele. Plechovka je
žlutozelená a na přední straně je velké logo značky Bonduele. Pod logem
je nápis “Hrášek” a pod tím “v mírně slaném nálevu”.</p>
<p>V levém dolním rohu je štítek s nápisem “Porce 260g” a pod tím jsou
hodnoty “Energie 355kJ/85kcal”, “Tuky 0,5g”, “z toho nasycené mastné
kyseliny 0g”, “Sacharidy 7,8g”, “z toho cukry 3,3g”, “Bílkoviny 3,6g”,
“Sůl 0,6g”.</p>
<p>Vpravo je část štítku s čárovým kódem. Na plechovce je zřetelná akce
nebo slevová nabídka.</p>
<p>Obrázek zobrazuje cenovku s informací o slevě. Původní cena produktu
byla 19,90 Kč a nyní je zlevněna na 14,90 Kč. Sleva činí 25 %. Cenovka
je červenobílá a text je napsán tučným písmem.</p>
<p>Alba Ocet bezbarvý potravinářský 8% 1 l</p>
<p>Na obrázku je plastová láhev s octem Alba. Na etiketě je nápis “ALBA”
s obrázkem zeleniny (pravděpodobně cibule). Pod tím je napsáno velkými
písmeny “OCET”. Pod textem je úzký proužek se zlevněnou cenou: “14,90
Kč”.</p>
<p>Obrázek zobrazuje reklamu na zlevněný produkt v hypermarketu. V horní
části je nápis „VÝHODNĚ!“ červeným písmem na bílém pozadí. Pod tím je
velkým červeným písmem uvedena cena <strong>89,90 Kč</strong>. Číslice
„90“ je menším fontem a umístěna nad číslicí „9“. Spodní část je vycpána
procenty.</p>
<p>Antica Cantina Tortilla chips různé druhy 450 g 100 g = 19,98</p>
<p>Na obrázku je balení slaných tortilla chipsů značky “Cantina”.</p>
<p><strong>Popis produktu:</strong> Balení obsahuje slané tortilla
chipsy. Na přední straně balení je vyobrazeno několik chipsů a malý
obrázek misky s náplní.</p>
<p><strong>Text na obalu:</strong></p>
<ul>
<li><strong>CANTINA:</strong> Název značky tortilla chipsů.</li>
<li><strong>TORILLA CHIPS:</strong> Označení typu produktu.</li>
<li><strong>SALT:</strong> Chuť chipsů (slané).</li>
<li>Na obalu je také grafický prvek s textem “MEXICAN TASTE”.</li>
</ul>
<p>Ocenění produktu na obrázku nevidím, takže jej nemohu vypsat.</p>
<p>Obrázek zachycuje cenovku z hypermarketu s informací o
zlevněném/výhodném produktu. Produktem je <strong>Tuňák Rio Mare v
olivovém oleji</strong>.</p>
<p><strong>Cena:</strong> 99,90 Kč <strong>Hmotnost:</strong> 130 g
<strong>Cena za 100 g:</strong> 76,85 Kč</p>
<p>Cenovka je vizuálně zvýrazněna červeným rámečkem a nápisem
“Výhodně!”. Použití čárky pro oddělení desetinných míst je typické pro
ceny v České republice.</p>
<p>Obrázek zobrazuje cenovku s informací o slevě. V levé horní části je
napsáno výrazně “AKCE!”. Původní cena produktu byla 69,90 Kč, což je
přeškrtnuté. Nová cena po slevě je 59,90 Kč a je zobrazena velkými
čísly. V pravém horním rohu je kruh s nápisem “-14%”, což značí procento
slevy.</p>
<p>Rakouský bramborový salát</p>
<p>700 g</p>
<p>100 g = 8,56</p>
<p>Obrázek zachycuje zlevněný produkt z hypermarketu. Jde o cenovku ve
tvaru štítu s nápisem “VÝHODNĚ!” nahoře. Pod tím je zobrazena cena
<strong>34,90 Kč</strong>. Číslo 34 je napsáno velkým fontem a 90
menším, čímž je naznačena desetinná hodnota. Cena je zvýrazněna, aby
upoutala pozornost zákazníků.</p>
<p>Oyakata</p>
<p>Instantní</p>
<p>japonské nudle různé druhy</p>
<p>62-96 g,</p>
<p>100 g od 36,35</p>
<p>Obrázek zobrazuje zelený kruh s tmavší zelenou šikmou čarou vpravo
dole. Kruh je pravděpodobně značka slevy nebo akce v hypermarketu.
Neobsahuje žádný text ani cenu, takže nelze určit, na jaký produkt se
sleva vztahuje ani jaká je jeho cena.</p>
<p>Obrázek ukazuje sklenici s tuňákem “Rio Mare”. Na štítku je
napsáno:</p>
<ul>
<li><strong>RIO mare</strong> - značka</li>
<li><strong>I Filettini di Tonno</strong> - “Filety z tuňáka” v
italštině</li>
<li><strong>LAVORATI A MANO</strong> - “Zpracované ručně” v
italštině</li>
<li><strong>all’Olio di Oliva</strong> - “V olivovém oleji” v
italštině</li>
</ul>
<p>Zboží je pravděpodobně výhodný produkt z hypermarketu. Cena není
uvedena.</p>
<p>Na obrázku je sklenice s rakouským bramborovým salátem od firmy
Efko.</p>
<p>Na štítku je napsáno:</p>
<ul>
<li><strong>Efko</strong> - logo a název výrobce.</li>
<li><strong>Rakouský bramborový salát</strong> - název produktu.</li>
<li><strong>s pažitkou</strong> - doplňková informace o složení.</li>
<li>Na štítku je vidět výrazné označení <strong>15% sleva</strong> na
zeleném podkladu.</li>
</ul>
<p>Na bílém štítku je nečitelná cena.</p>
<p>Obrázek ukazuje kelímek s instantním jídlem “OYAKATA Japanese Chicken
Teriyaki”. Kelímek je tmavě hnědý s výrazným oranžovým oválným
polem.</p>
<p>Na poli je napsáno:</p>
<ul>
<li><strong>OYAKATA</strong> - Název značky.</li>
<li><strong>JAPANESE</strong> - Označení typu jídla.</li>
<li><strong>CHICKEN</strong> - Hlavní ingredience, kuřecí maso.</li>
<li><strong>TERIYAKI</strong> - Chuť/příprava jídla.</li>
</ul>
<p>Na spodní části kelímku je vidět obsah, který vypadá jako rýže s
kousky kuřete a omáčkou teriyaki. V levém dolním rohu pole je karikatura
kuchaře.</p>
<p>Obrázek zobrazuje reklamní cedulku s označením akce a zlevněným
produktem.</p>
<p><strong>Text na cedulce:</strong></p>
<ul>
<li><strong>AKCE!</strong> - Velké nápis signalizující výprodej nebo
slevu.</li>
<li><strong>142,90</strong> - Původní cena produktu, která je
přeškrtnutá, což značí, že již neplatí.</li>
<li><strong>99,90</strong> - Nová, zlevněná cena produktu.</li>
<li><strong>-30%</strong> - Kruh s nápisem -30% oznamuje velikost
slevy.</li>
</ul>
<p>Cena je uvedena v českých korunách (Kč) a desetinná místa jsou
oddělena čárkou.</p>
<h2 id="fitness-cereálie">Fitness Cereálie</h2>
<p>různé druhy 350-375 g 100 g od 26,64</p>
<p>Na obrázku je krabice cereálií Nestlé Fitness.</p>
<p><strong>Popis produktu:</strong></p>
<ul>
<li><strong>Značka:</strong> Nestlé Fitness</li>
<li><strong>Typ:</strong> Cereálie</li>
<li><strong>Hmotnost:</strong> 375 g</li>
<li><strong>Popis:</strong> Krabice s cereáliemi, zobrazující cereálie
ve tvaru pecek ve vířícím modrém pozadí s bílými střiky, které
symbolizují mléko. Nahoře je silueta postavy při cvičení. Nápis
“nutritious energy” pod názvem značky naznačuje, že se jedná o zdravé
snídani pro aktivní životní styl.</li>
</ul>
<p><strong>Text na obalu:</strong></p>
<ul>
<li><strong>Fitness:</strong> Název produktu.</li>
<li><strong>nutritious energy:</strong> Slogan zdůrazňující výživovou
hodnotu a energii, kterou cereálie poskytují.</li>
<li><strong>Oves, žito, kukuřice, pšenice:</strong> Uvádí základní
obsažené obilniny.</li>
<li><strong>375 g e:</strong> Označuje hmotnost produktu a symbol “e”
označuje, že se jedná o odhadovanou hmotnost.</li>
</ul>
<p><strong>Cena:</strong> Cena není na obrázku vidět.</p>
<p>Obrázek zobrazuje reklamní banner s nápisem “AKCI V ONLINE LETÁKU”.
Nápis je bílý na červeném pozadí a má za účelem upoutání pozornosti na
probíhající slevové akce v online letáku hypermarketu. Nejedná se o
konkrétní produkt, ale o reklamu na výhodné nabídky.</p>
<p>Na obrázku je balení čočky Fege Lenticchie o hmotnosti 380 gramů.
Balení je světle béžové s ilustrací hnědé čočky a zelenými lístky. Vlevo
nahoře je žlutá cedulka s nápisem “AKCE!” a procentuální slevou “-26%”.
Původní cena je 26,90 Kč, nová cena je 19,90 Kč. Pod cenovkou je nápis
“Fege Čočka” a informace o hmotnosti: 228 g. Pod tím je uvedena cena za
100 g: 8,73 Kč. Na přední straně balení je nápis “Lenticchie” a
upozornění na snížení uhlíkové stopy o 83%. Balení obsahuje informace o
tom, že se jedná o snadno otevřitelné balení a že se jedná o produkt s
nízkým obsahem uhlíku.</p>
<p>Na obrázku je zlevněný produkt s označením “AKCE!”. Původní cena
produktu byla 59,90 Kč, která je přeškrtnutá. Nová cena je 49,90 Kč.
Slevu znázorňuje kruhový štítek s textem “-16%”.</p>
<h2 id="sušená-rajčata">Sušená rajčata</h2>
<p>170 g, p. p. 95 g 100 g = 52,53 5990 -</p>
<p>Na obrázku je sklenice sušených rajčat s kapary od značky Efko.</p>
<p>Na štítku je napsáno:</p>
<ul>
<li><strong>efko</strong> (logo značky)</li>
<li><strong>Sušená rajčata</strong></li>
<li>Hmotnost: <strong>95g</strong></li>
<li><strong>s kapary</strong> (drobějším písmem pod názvem
produktu)</li>
</ul>
<p>Na štítku je i text o složení, výrobci, zemi původu a nutričních
hodnotách, ale je příliš malý a nečitelný.</p>
<p>Produkt je typický pro nabídku v hypermarketech a je pravděpodobně ve
slevě nebo se jedná o výhodné balení.</p>
<p>Obrázek zobrazuje reklamu na zlevněný produkt z hypermarketu.</p>
<p><strong>Popis:</strong></p>
<ul>
<li><strong>Barva:</strong> Převládá červená barva s bílým pozadím.</li>
<li><strong>Text:</strong> Na horním okraji je napsáno velké červené
písmo slovo “VÝHODNĚ!”. Uprostřed je velkým červeným písmem cena:
<strong>29⁹⁰</strong> (29,90 Kč).</li>
<li><strong>Styl:</strong> Reklama je jednoduchá, s důrazem na
cenu.</li>
</ul>
<p><strong>Význam:</strong></p>
<p>Reklama informuje zákazníky o ceně zlevněného/výhodného produktu,
který stojí 29,90 Kč.</p>
<p>Maggi Polévky různé druhy 47-83 g 100 g od 36,02</p>
<p>Obrázek zachycuje balíček koření Maggi na přípravu guláše. Balíček má
žluté pozadí a na něm je vyobrazen talíř s hotovým gulášem.</p>
<p>Text na obalu:</p>
<ul>
<li><strong>Maggi</strong> - značka koření</li>
<li><strong>Gulášová</strong> - název produktu, indikuje chuť
guláše</li>
<li><strong>Sytá</strong> - doplnění k názvu, naznačuje, že je jídlo
syté</li>
<li><strong>3 porce</strong> - udává množství porcí, které lze z jednoho
balení připravit</li>
<li><strong>Nutri-Score: C</strong> - hodnocení nutriční hodnoty
produktu, v tomto případě C, což značí střední kvalitu</li>
<li>Další texty a loga se týkají ekologické likvidace obalu a
certifikace výrobku.</li>
</ul>
<p>Na obrázku je zlevněný produkt z hypermarketu. Původní cena byla
89,90 Kč, nyní je produkt ve slevě 22 % a stojí 69,90 Kč. Text “AKCE!”
zdůrazňuje výhodnou nabídku.</p>
<p>Nestlé</p>
<p>Dětské cereálie různé druhy 225-250 g, 100 g od 27,96</p>
<p>Na obrázku je krabička s cereáliemi Nesquik.</p>
<p><strong>Popis produktu:</strong></p>
<ul>
<li><strong>Název:</strong> Nesquik</li>
<li><strong>Hmotnost:</strong> 225 g</li>
<li><strong>Značka:</strong> Nestlé</li>
<li><strong>Popis:</strong> Cereálie Nesquik jsou čokoládové kuličky,
které jsou určené k snídani. Na krabičce je zobrazena miska s cereáliemi
a maskot Nesquik, zajíček.</li>
<li><strong>Výhodná cena:</strong> Na krabičce je uvedeno “2 za 85,90”,
což znamená, že při koupi dvou krabiček cereálií zaplatíte 85,90
Kč.</li>
</ul>
<p>Obrázek zachycuje produkt, který je ve slevě nebo výhodné nabídce v
hypermarketu.</p>
<p>lolfin Cokolada slam</p>
<p>OÙ |</p>
<p>Anden +?</p>
<p>Na obrázku je reklama na zlevněný produkt v hypermarketu. Původní
cena produktu je 18,90 Kč, která je přeškrtnutá. Nová cena po slevě 10 %
je 16,90 Kč. V horní části je nápis “AKCE!”.</p>
<h2 id="studentská-pečeť">Studentská pečeť</h2>
<p>oplatka různé druhy 30-31 g</p>
<p>100 g od 54,52</p>
<p>JU a = 156,45</p>
<p>IUU g = /0,0Ù</p>
<p>10U O</p>
<p>Obrázek ukazuje balíček Studentské mléčné čokolády.</p>
<p>Text na obalu:</p>
<ul>
<li><strong>Studentská</strong> – Název produktu.</li>
<li><strong>Ora</strong> – Značka.</li>
<li><strong>Ora je moje</strong> - Slogan</li>
<li><strong>Mlécna</strong> – Typ čokolády.</li>
</ul>
<p>Obrázek je pravděpodobně z hypermarketu, protože na etiketě je
zvýrazněna cena. Na obalu je červené pole s textem „SLEVA“, což
naznačuje výprodej nebo zlevněný produkt. Cena je zvýrazněna červeně a
je uvedena jako <strong>24,90 Kč</strong>.</p>
<p>Obrázek zobrazuje reklamní ceduli s informací o zlevněném produktu.
Původní cena produktu je 109,90 Kč, která je přeškrtnutá. Nová, zlevněná
cena je 96,90 Kč. V horní části cedule je nápis “AKCE!” a v kruhu je
uvedeno “-11%”, což naznačuje výši slevy.</p>
<h2 id="dolfin-čokoláda">Dolfin Čokoláda</h2>
<p>různé druhy 70 g 100 g = 138,43</p>
<p>Na obrázku je obal čokolády “Dolfin” s příchutí Vietnam. Jedná se o
mléčnou čokoládu s obsahem kakaa 45%. Je označená jako “Bio”
(organická).</p>
<p>Na obalu je patrné označení slevy:</p>
<ul>
<li>“SLEVA 20% PŘI NÁKUPU 2 KS A VÍCE”</li>
<li>“SLEVA 25% PŘI NÁKUPU 3 KS A VÍCE”</li>
</ul>
<p>Cena čokolády je 39,90 Kč (uvedeno menším písmem). Hmotnost čokolády
je 85g.</p>
<p>Obrázek zachycuje cenovku s informací o slevě. Původní cena produktu
je 18,90 Kč, která je přeškrtnutá. Nová, zlevněná cena je 16,90 Kč.
Uvedena je také sleva 10%. Cenovka je barevná, s červeným pozadím a
bílým textem.</p>
<h2 id="papita-party">Papita party</h2>
<p>Obrázek ukazuje balení sušenek Papila Party. Balení má červenou barvu
s bílým nápisem “Papila” a pod ním menším písmem “party”. Na balení jsou
vyobrazeny sušenky s barevnými kousky čokolády. Na balení je nápis
“New”. Neobsahuje cenu produktu.</p>
<p>dva druhy 63 g 100 g = 26,83</p>
<p>Na obrázku je reklama na zlevněný produkt z hypermarketu. Původní
cena produktu byla 129,90 Kč, která je přeškrtnutá. Nyní je produkt ve
slevě 15% a jeho nová cena je 109,90 Kč. Slovo “AKCE!” je napsáno
červeným písmem nahoře, aby upozornilo na výhodnou nabídku.</p>
<h2 id="ahmad-tea">Ahmad Tea</h2>
<p>sypaný černý a zelený čaj různé druhy 100 g</p>
<p>Na obrázku je balení čaje Ahmad Tea Earl Grey.</p>
<p><strong>Text na obalu:</strong></p>
<ul>
<li><strong>Ahmad Tea</strong> - Značka čaje.</li>
<li><strong>LONDON</strong> - Místo původu značky.</li>
<li><strong>EARL GREY</strong> - Název druhu čaje.</li>
</ul>
<p>Na spodní části obalu je vidět panorama Londýna s ikonickými
budovami, jako je Houses of Parliament a Big Ben. Produkt je
pravděpodobně v akci/zlevněný, ale cena není na obrázku uvedena.</p>
<p>Obrázek zachycuje zlevněný produkt z hypermarketu. Na bílém pozadí je
výrazně napsáno slovo “VYHODNĚ!” červeným písmem. Pod tím je velkými
červenými číslicemi uvedena cena: 44,90 Kč. Desetinná část (90) je
napsána menším fontem. Pod cenou jsou znázorněny procentní symboly,
pravděpodobně symbolizující slevu.</p>
<h2 id="sir-winston">Sir Winston</h2>
<p>černý čaj různé druhy 35-36 g 100 g od 124,72</p>
<p>Obrázek zobrazuje balení čaje Sir Winston Tea Royal Earl Grey. Balení
má tmavě zelenou barvu a je ozdobeno zlatými prvky.</p>
<p>Na přední straně balení je umístěno logo značky Sir Winston Tea. Pod
logem je nápis “ROYAL EARL GREY”. Pod nápisem je text, který popisuje
čaj: “PREMIUM BLEND OF HAND PICKED KENYAN TEA”. Níže je další text,
který popisuje vlastnosti čaje: „THE WINSTON STRENGTH”.</p>
<p>Na spodní části je patrné, že jde o zlevněný produkt. Cena je v Kč a
vypadá, že je napsána menším fontem. Bohužel ji nelze přesně
přečíst.</p>
<p>¿00 q</p>
<p>Na obrázku je logo hypermarketu Globus. Jedná se o oranžový nápis
“Globus” na žlutém pozadí, obklopený zeleným ornamentem ve tvaru
zeměkoule. Logo signalizuje možnost nákupu zlevněných nebo výhodných
produktů v tomto obchodě. Cenu ani konkrétní produkt logo
neobsahuje.</p>
<h2 id="ještě-více-akcí-v-online-letáku-od-2.-4.-do-29.-4.-2025">JEŠTĚ
VÍCE AKCÍ V ONLINE LETÁKU od 2. 4. do 29. 4. 2025</h2>
<p>Obrázek ukazuje cenovku z hypermarketu, která signalizuje zlevněný
produkt.</p>
<p><strong>Text na cenovce:</strong></p>
<ul>
<li><strong>“VYHODNĚ!”</strong> - Toto slovo zdůrazňuje, že se jedná o
výhodnou nabídku.</li>
<li><strong>“11⁹⁰”</strong> - Cena produktu je 11,90 Kč. Číslo “90” je
menší, což je běžný způsob zobrazení desetinných míst na cenovkách.</li>
</ul>
<p>Cenovka je celkově červeno-bílá, což je barva často používaná pro
označení slev a akcí.</p>
<h2 id="duplo">Duplo</h2>
<p>oplatka dva druhy</p>
<p>18,5 g</p>
<p>100 g = 64,32</p>
<p>Obrázek zobrazuje obal čokoládové tyčinky Duplo. Na obalu je výrazně
napsáno slovo „duplo“ červeným písmem. V levém horním rohu je nápis
“Ferrero” menším písmem. Na pravé straně jsou zobrazeny lískové ořechy a
zelené lístky.</p>
<p>Na obrázku je vidět nápis “Zlevněno” (vpravo dole). Cena není
uvedena.</p>
<p>Na obrázku je reklama na zlevněné lízátka Chupa Chups. Zobrazeno je
několik barevných lízátek. V levém horním rohu je nápis “AKCE!” a
červený kruh s textem “-20%”. Pod tím je text “NA CUKROVINKY ZNAČKY
CHUPA CHUPS”. Reklama informuje o 20% slevě na cukrovinky značky Chupa
Chups.</p>
<p>Obrázek zachycuje reklamní štítek s informací o zlevněném
produktu.</p>
<ul>
<li><strong>Text:</strong> Nahoře je nápis “AKCE!”. V kruhu je uvedena
sleva “-23%”. Původní cena je přeškrtnuta a činí 149,90 Kč. Nová,
snížená cena je uvedena pod přeškrtnutou cenou a je 114,90 Kč.</li>
<li><strong>Popis:</strong> Štítek je červeno-bílé barvy a má za účelem
upoutat pozornost na zlevněný produkt.</li>
</ul>
<h2 id="lindt-creation">Lindt Creation</h2>
<p>čokoláda různé druhy 150 g</p>
<p>100 g = 76,60</p>
<p>Na obrázku je čokoláda Lindt Creation Orange, 150g. Jedná se o tmavou
čokoládu s příchutí pomeranče, obsahující 70% kakaové sušiny.</p>
<p>Na obalu je napsáno:</p>
<ul>
<li><strong>Lindt:</strong> Značka čokolády.</li>
<li><strong>CREATION:</strong> Označení řady čokolád.</li>
<li><strong>Orange:</strong> Příchuť čokolády.</li>
<li><strong>70% CACAO:</strong> Udává obsah kakaové sušiny v
čokoládě.</li>
<li><strong>150g:</strong> Hmotnost čokolády.</li>
</ul>
<p>Obraz ukazuje polepený produkt z hypermarketu, pravděpodobně v rámci
akce či výprodeje. Cena není na obrázku.</p>
<p>Obrázek zobrazuje cenovku z hypermarketu.</p>
<p>Na cenovce je napsáno slovo “VÝHODNĚ!” červeným písmem na bílém
pozadí. Pod tím je velké červené číslo “59” a pod ním menším písmem
“90”, což naznačuje cenu 59,90 Kč. Spodní část cenovky je vyplněna znaky
“%”, což může naznačovat slevu nebo speciální nabídku.</p>
<h2 id="nutella-b-ready">Nutella B-ready</h2>
<p>oplatky</p>
<p>132 g</p>
<p>100 g = 45,38</p>
<p>Obrázek zobrazuje balení Nutella B-ready. Balení obsahuje 6 tyčinek.
Na přední straně balení je velké logo “Nutella” a pod ním nápis
“B-ready”. Pod nápisem je vyobrazen obrázek tyčinky Nutella B-ready. V
levém dolním rohu je napsáno “čokolád / bonbon / wafer”. V dolní části
balení je uvedena hodnota „6x19“. Je zjevné, že se jedná o výhodné
balení tyčinek Nutella B-ready.</p>
<p>Obrázek zobrazuje cenovku s informací o slevové akci. Původní cena
produktu byla 51,90 Kč, nyní je zlevněna na 44,90 Kč. Sleva činí 13 %.
Cenovka je červené barvy s bílým textem. Slovo „AKCE!“ je napsáno
velkými písmeny nahoře na cenovce.</p>
<h2 id="quadro-mix">Quadro mix</h2>
<p>slaný mix</p>
<p>200 g</p>
<p>100 g = 22,45</p>
<p>Na obrázku je balení slaných pochutin “Quadro Mix” od firmy Vest.
Jedná se o směs různých slaných preclíků a kroužků.</p>
<p><strong>Text na obalu:</strong></p>
<ul>
<li><strong>“QUADRO MIX”</strong> – Název produktu, napsané výrazně
uprostřed obalu.</li>
<li><strong>“DO ZLATAVA PEČENÉ”</strong> – Popis produktu, zdůrazňující,
že je pečeno do zlatova.</li>
<li><strong>“POSTA 22”</strong> – Zlevněný produkt, patrně součást
nějaké akce v hypermarketu.</li>
<li><strong>“209,9”</strong> – Cena produktu je 209,9 Kč.</li>
<li>Malý štítek s českou vlajkou naznačuje, že se jedná o český
výrobek.</li>
</ul>
<p>Obrázek zobrazuje akční štítek s cenovkou. Původní cena produktu byla
229,90 Kč, která je přeškrtnuta. Nová, akční cena je 199,90 Kč. V horní
části štítku je nápis „AKCE!“ a v kruhovém grafickém prvku je uvedena
sleva -13 %.</p>
<p>Jihlavanka instantní káva 2 druhy 180-200 g 100 g od 99,95</p>
<p>Na obrázku je sklenice instantní kávy „Jihlavanka Standard
original“.</p>
<p>Text na obalu:</p>
<ul>
<li><strong>JIHLAVANKA</strong> – Název značky kávy.</li>
<li><strong>Standard original</strong> – Druh kávy.</li>
<li><strong>100% zrnková káva</strong> – Informace o složení.</li>
<li><strong>450g</strong> – Hmotnost produktu.</li>
</ul>
<p>Na obalu je také vyobrazena šálka kávy a drobné obrázky kávových
zrnek. Produkt je zlevněný, což je naznačeno červeným pruhem s textem
„SLEVA“ v horní části obalu. Cena není na obrázku vidět.</p>
<p>Na obrázku je zlevněný produkt s nápisem “AKCE!”. Původní cena
produktu je 83,90 Kč, po slevě 10 % je nová cena 74,90 Kč. Číslo 90 u
obou cen je napsáno menším fontem, aby se zdůraznilo, že se jedná o
haléře.</p>
<h2 id="lino-lada">Lino Lada</h2>
<p>pomazánka různé druhy 350 g 100 g = 21,40</p>
<p>Obrázek zachycuje sklenici s kakaovým roztíratelným krémem Lino Lada
Duo.</p>
<p>Na štítku je velké logo “Lino” modrou barvou a pod ním nápis “Lada
Duo” červenou barvou. Pod tím je uveden text “no preservatives” (bez
konzervantů) a “gluten free” (bez lepku) s ikonami. Pod tím je vidět
ilustrace medvídka a pod ním rozmazaný obrázek roztřené směsi na kousku
chleba. Pozadí je žluté s hnědými skvrnami.</p>
<p>Cena produktu není na obrázku uvedena.</p>
<p>Obrázek zachycuje reklamní leták hypermarketu s označením slevy na
produkt.</p>
<p><strong>Popis:</strong></p>
<ul>
<li><strong>Původní cena:</strong> 209,90 Kč (překřížená, naznačuje
původní cenu)</li>
<li><strong>Akční cena:</strong> 144,90 Kč (zobrazena červeným písmem,
výrazná)</li>
<li><strong>Sleva:</strong> -30% (označeno v červeném kruhu, signalizuje
procentuální slevu)</li>
<li><strong>Text:</strong> “AKCE!” (výrazný nápis, upozorňuje na
probíhající akci)</li>
</ul>
<p>Obrázek je zaměřen na upoutání pozornosti zákazníků slevou a
informuje o nové, snížené ceně produktu.</p>
<p>Kinder</p>
<p>Happy moments</p>
<p>161 g</p>
<p>100 g = 90,- 100 g = 90,100 g = 90,- 100 g = 90,-</p>
<p>Obrázek ukazuje zlevněný balíček sladkostí “Kinder Happy Moments”.
Balíček má tvar osmiúhelníku a je modré barvy s různými druhy Kinder
čokolád a sušenek kolem něj.</p>
<p>Text na obrázku:</p>
<ul>
<li><strong>Kinder:</strong> Značka výrobce.</li>
<li><strong>HAPPY Moments:</strong> Název balíčku, naznačuje radostné
okamžiky s těmito sladkostmi.</li>
</ul>
<p>Cena není na obrázku viditelná.</p>
<p>Obrázek zachycuje propagační štítek s označením zlevněného
produktu.</p>
<p><strong>Text:</strong></p>
<ul>
<li><strong>AKCE!</strong> - Výrazné upozornění na probíhající slevovou
akci.</li>
<li><strong>69,90</strong> - Původní cena produktu. Je přeškrtnuta, což
naznačuje slevu.</li>
<li><strong>-11%</strong> - Označuje procentuální výši slevy.</li>
<li><strong>61,90</strong> - Nová, snížená cena produktu po slevě.</li>
</ul>
<p><strong>Popis:</strong></p>
<p>Štítek má červeno-bílé provedení. Červený rámeček a výrazný červený
nápis “AKCE!” upoutávají pozornost. Původní cena je uvedena v červené
barvě s přeškrtnutím, zatímco nová cena je zvýrazněna větším písmem v
červené barvě. Kulatý štítek s procentem slevy je bílý s červeným
okrajem.</p>
<p>Millennium Riviera pralinky 125 g 100 g = 49,52</p>
<p>Na obrázku je balení luxusních čokolád Riviera z kolekce Millennium.
Jsou to asortované čokolády s celými lískovými ořechy, kešu ořechy a
mandlemi v hořké, mléčné a bílé čokoládě. Hmotnost balení je 125g. V
pravém horním rohu je cena 99,90 Kč, která je přeškrtnutá a nahrazena
cenou 69,90 Kč, což naznačuje slevu. Na obalu je také uvedeno “luxury
assorted chocolates”.</p>
<p>Na obrázku je zlevněný produkt. Původní cena 177,90 Kč je přeškrtnutá
a nová cena je 129,90 Kč. Zlevnění činí 26%.</p>
<h2 id="nescafé-classic">Nescafé Classic</h2>
<p>instantní káva náhradní náplň dva druhy 150 g 100 g = 86,60</p>
<p>Na obrázku je balení instantní kávy Nescafé Classic o hmotnosti 150
gramů. Balení je červené a bílé barvy.</p>
<p><strong>Text na obalu:</strong></p>
<ul>
<li><strong>“DOPLŇTE”</strong> - výzva k doplnění sklenice kávy.</li>
<li><strong>“SVOJI SKLENICI A RECYKLUJTE MĚ”</strong> - nápis zdůrazňuje
možnost recyklace obalu.</li>
<li><strong>“Láhev ze 100% recyklovaných zdrojů”</strong> - oznamuje, že
obal je vyroben ze 100% recyklovaného materiálu.</li>
<li><strong>“150g +…”</strong> – hmotnost produktu.</li>
<li><strong>“Za skvělou cenu”</strong> – text naznačuje, že se jedná o
zlevněný produkt.</li>
</ul>
<p>Obal naznačuje, že se jedná o výhodný nákup a zdůrazňuje ekologický
aspekt recyklace. Cena není na obrázku uvedena.</p>
<p>uell</p>
<p>JO]</p>
<p>od 2. 4. do 29. 4. 2025</p>
<p>Perr</p>
<p>Obrázek zachycuje červenou cenovku s nápisem “VYHODNĚ!”. Uprostřed je
velkým červeným písmem uvedena cena “12⁹⁰”. Malým fontem je uvedena
číslice “90” za číslem 12, což indikuje cenu 12,90 Kč. V dolní části
obrázku jsou procenta.</p>
<h2 id="mattoni">Mattoni</h2>
<p>minerální voda neochucená různé druhy 0,5 l</p>
<p>1 l = 25,80</p>
<p>Na obrázku je plastová láhev minerální vody Mattoni. Je světle zelené
barvy s červeným štítkem, na kterém je bílým písmem nápis “MATTONI”. Pod
nápisem je drobnější text. Láhev je patrně v akci nebo se jedná o
zlevněný produkt, což naznačuje kontext popisu.</p>
<p>Na obrázku je vidět cenovka s informací o zlevněném produktu. Původní
cena produktu byla 34,90 Kč, nyní je zlevněna na 24,90 Kč. Sleva činí 28
%. Nad cenou je nápis “AKCE!”.</p>
<h2 id="cans">CANS</h2>
<p>jemně perlivá alpská voda různé druhy 0,33 l 1 l = 75,45</p>
<h2 id="ještě-více-akcí-v-online-letáku">JEŠTĚ VÍCE AKCÍ V ONLINE
LETÁKU</h2>
<p>Na obrázku je vidět zlevněný produkt – balená voda Aquila
přírodní.</p>
<p><strong>Textový popis:</strong></p>
<ul>
<li><strong>“VYHODNĚ!”</strong> - oznamuje, že jde o akční cenu.</li>
<li><strong>“12,90”</strong> - Cena produktu je 12,90 Kč.</li>
<li><strong>“Aquila přírodní”</strong> - Název produktu.</li>
<li><strong>“0,5 l”</strong> - Objem balení je 0,5 litru.</li>
<li><strong>“100 ml = 2,58”</strong> - Cena za 100 ml je 2,58 Kč.</li>
</ul>
<p>Obrázek zobrazuje 1,5litrovou PET láhev s minerální vodou Aquila nea.
Na etiketě je nápis “Aquila nea” v zelené barvě. Pod ním se nachází text
“příjemná voda jemné bublinky”, napsané menším písmem. Dále je na
etiketě napsán text “Složení: hydrogenuhličitan vápenato-magnezitový,
bezuhličitý”. Cena produktu není na obrázku vidět.</p>
<p>Na obrázku jsou tři plechovky perlivé vody “CANS” v různých barvách:
žlutá s příchutí citronu, bílá s příchutí sparkling water a zelená s
příchutí jablko.</p>
<p>Na každé plechovce je napsáno: * <strong>CANS</strong> - název
produktu. * <strong>I AM NOT THIRSTY</strong> - slogan. * Pod sloganem
je napsána příchuť (lemon, sparkling water, apple). * Pod příchutí je
napsáno: “Zero sugar, natural flavour, with fruit juice”.</p>
<p>Obrázek zobrazuje výhodné balení tří plechovek perlivé vody. Cena
není na obrázku uvedena.</p>
<p>Na obrázku je reklama na zlevněný produkt z hypermarketu.</p>
<p>Text na obrázku říká: * <strong>AKCE!</strong> - upozorňuje na
probíhající akci. * Původní cena <strong>55,90 Kč</strong> je
přeškrtnutá. * Nová cena <strong>39,90 Kč</strong> je uvedena většími
čísly. * <strong>-28%</strong> - udává procentuální výši slevy.</p>
<p>Celkově obrázek informuje o zlevnění produktu z původní ceny 55,90 Kč
na 39,90 Kč, což představuje slevu 28%.</p>
<h2 id="pohádkové">Pohádkové</h2>
<h2 id="bublinky">bublinky</h2>
<p>nealkoholický nápoj ochucený</p>
<p>různé druhy</p>
<p>0,7 l</p>
<p>1 l = 57,-</p>
<p>Obrázek zobrazuje zlevněný produkt v hypermarketu. Jde o cenovku ve
tvaru obdélníku s obloukem nahoře. Na cenovce je napsáno velké červené
písmo slovo “VÝHODNĚ!”. Pod tím je velkým červeným fontem napsaná cena
“16⁹⁰”, což znamená 16,90 Kč. Spodní část je vyplněna znaky “%”.</p>
<h2 id="lobkowicz">Lobkowicz</h2>
<p>Premium světlý ležák 0,5 l 1 l = 33,80 + záloha 3,-</p>
<p>Obrázek zobrazuje reklamu na zlevněný produkt. Dominantní prvek je
výrazná cena <strong>199,90 Kč</strong>. Cena je napsána červeným písmem
na bílém pozadí. Nad cenou je nápis <strong>“VYHODNĚ!”</strong> také
červenou barvou. Níže se nachází řada procentních znaků. Jedná se o
standardní reklamní prvek v hypermarketech, který láká zákazníky na
výhodnou cenu.</p>
<p>Božkov Originál 37,5 % 0,7 l 1 l = 285,57</p>
<p>Na obrázku je láhev šumivého vína (pravděpodobně moštu nebo dětského
šampaňského) s červenou etiketou. Na etiketě je ilustrace postaviček ze
známé pohádky “Tři veteráni”, konkrétně jde o malého Tondu, maminku a
babičku.</p>
<p>Text na etiketě je “Pohádkové bublinky”.</p>
<p>Lze předpokládat, že se jedná o produkt určený dětem nebo jako
součást oslav a párty.</p>
<p>Na obrázku je zelená skleněná láhev piva Lobkowicz. Na etiketě je
napsáno velké červené písmo “LOBKOWICZ”. Pod tím se nachází nápis
“PREMIUM LEŽÁK” a menším písmem “PLZEŇSKÝ PIVOVAR”. V dolní části je
cena, kterou lze rozčíst jako “22,90 Kč”.</p>
<p>Obrázek zobrazuje láhev Božkov Original. Na štítku je napsáno
“BOŽKOV” velkými zlatými písmeny a pod tím “ORIGINAL” menším písmem. Pod
tím je vyobrazen motiv lodi. Cena není na obrázku viditelná.</p>
<p>Na obrázku je červený reklamní štítek z hypermarketu, který informuje
o zlevněném produktu.</p>
<p>V horní části štítku je napsáno velké červené písmo slovo
“VÝHODNĚ!”.</p>
<p>Uprostřed štítku je zobrazena cena “19⁹⁰”, což znamená 19,90 Kč.
Číslo 90 je napsáno menším písmem, což zdůrazňuje, že jde o desetinné
místo.</p>
<p>V dolní části je několik znaků “%” které nemají zjevný význam.</p>
<h2 id="lipton-ice-tea">Lipton Ice Tea</h2>
<p>různé druhy 0,5 l 100 ml = 3,98</p>
<p>Obrázek zachycuje zlevněný produkt z hypermarketu, konkrétně
cenovku.</p>
<p><strong>Text na obrázku:</strong></p>
<ul>
<li><strong>“VYHODNĚ!”</strong> - Výkřik, který signalizuje výhodnou
cenu.</li>
<li><strong>“49⁹⁰”</strong> - Cena produktu v korunách českých, kde “90”
je vypsáno menším fontem a odděluje celé číslo od desetinných míst.</li>
</ul>
<h2 id="red-bull">Red Bull</h2>
<p>eneregetický nápoj 0,473 l 1 l = 105,50</p>
<p>Na obrázku je zlevněný/výhodný produkt z hypermarketu. Na bílém
pozadí je červeným písmem napsáno slovo “VYHODNĚ!”. Pod ním je velkým
červeným písmem cena produktu: <strong>145⁹⁰</strong>. Číslo 90 je
napsáno menším písmem, což naznačuje desetinná místa. Spodní část
obrázku tvoří řada symbolů procent (%) v červené barvě.</p>
<p>Pilsner Urquell světlý ležák 6× 0,33 l sklo + záloha 18,1,98 l 1 l =
73,69</p>
<p>Obrázek zachycuje cenovku z hypermarketu s nápisem “VYHODNĚ!”. Cena
produktu je 199,90 Kč. Číslo 90 je menší a umístěno jako exponent u
čísla 199, což naznačuje desetinná místa. Celkový dojem je, že se jedná
o zlevněný produkt nabízený za výhodnou cenu.</p>
<p>Božkov Vodka 37,5 % 0,7 l 1 l = 285,57</p>
<p>Na obrázku je plastová láhev ledového čaje Lipton Lemon. Láhev je
průhledná s tmavě hnědou tekutinou uvnitř. Etiketa je zelená a zobrazuje
plátky citronu a listí. Nahoře je velké bílé logo “Lipton” v červeném
rámečku. Pod logem je nápis “Lemon” modrou barvou. Cenu nebo výhodné
označení na obrázku nevidím.</p>
<p>Na obrázku je plechovka energetického nápoje Red Bull. Plechovka je
rozdělena na dvě části - modrou a bílou. V horní části, na modrém
pozadí, je napsáno červeným písmem “Red Bull” a pod ním je logo s dvěma
červenými býky. Pod logem je napsáno “ENERGY DRINK”. Pod tím je v dolní
části plechovky nápis „SLEVA“ a cena produktu je vypsána jako
„19,90Kč“.</p>
<p>Na obrázku je balení šesti lahví piva Pilsner Urquell. Jedná se o
zlevněný produkt, jak naznačuje označení “výhodné balení”.</p>
<p><strong>Text na obrázku:</strong></p>
<ul>
<li><strong>Pilsner Urquell:</strong> Název značky piva.</li>
<li><strong>6x0,33l:</strong> Udává množství lahví (6) a jejich objem
(0,33 litru).</li>
<li><strong>1,98l:</strong> Celkový objem balení.</li>
<li><strong>399,-</strong> Cena balení v českých korunách.</li>
</ul>
<p>Produkt je balen do zeleného kartonu, který drží lahve pohromadě.</p>
<p>Na obrázku je lahev vodky Božkov. Na štítku je napsáno “BOŽKOV”
velkým písmem a pod ním “VODKA”. Pod tím je vyobrazen znak s orlicí. V
horní části štítku se nachází nápis “PREMIUM”, který naznačuje, že se
jedná o kvalitnější variantu vodky. Pod tím je nápis “40% vol.” což
značí obsah alkoholu. Na fotografii se neobjevuje žádná cena, takže
nelze posoudit, zda se jedná o zlevněný produkt.</p>
<p>Na obrázku je zlevněný produkt z hypermarketu. Původní cena produktu
byla 49,90 Kč, která je přeškrtnutá. Nová cena po slevě je 39,90 Kč. Nad
cenami je nápis “AKCE!” a vedle zlevněné ceny je kruh s nápisem
“-20%”.</p>
<h2 id="perrier">Perrier</h2>
<p>přírodní minerální voda sklo 0,75 l 1 l = 53,20</p>
<p>Obrázek zobrazuje zelený štítek s nápisem “NOVÉ v Globusu”. Štítek je
doplněn bílou hvězdou. Jde o značku, která upozorňuje na nově zavedené
produkty v obchodní síti Globus. Cena není uvedena.</p>
<p>Obrázek zobrazuje cenovku s nápisem „VYHODNĚ!“ nahoře. Následuje
červeně napsaná cena <strong>24,90 Kč</strong>. Ceny jsou na
hypermarketových cenovkách často psány takto, aby upozornily na výhodnou
cenu produktu.</p>
<h2 id="coca-cola">Coca-Cola</h2>
<p>Sprite, Fanta různé druhy 0,5 l 1 l = 49,80</p>
<p>Obrázek ukazuje tři plastové lahve od limonád: Sprite, Coca-Cola a
Fanta. Všechny lahve jsou postavené vedle sebe. Coca-Cola je umístěna
uprostřed a je zdůrazněna jako hlavní produkt.</p>
<p>Na etiketách Coca-Coly je nápis „Coca-Cola ORIGINAL TASTE“. Na
etiketě Sprite je logo a nápis „Sprite“. Na etiketě Fanta je logo a
nápis „Fanta“.</p>
<p>Na etiketě Coca-Coly je napsáno: „1,5l láhev za 29,90 Kč.“</p>
<p>Obrázek zobrazuje cenovku, která oznamuje výhodnou cenu produktu.</p>
<p><strong>Text na cenovce:</strong></p>
<ul>
<li><strong>“VYHODNĚ!”</strong> - upozorňuje na zlevněnou cenu.</li>
<li><strong>“11⁹⁰”</strong> - Cena produktu je 11,90 Kč. Číslo 90 je
menší a naznačuje haléře.</li>
</ul>
<p>Cenovka je červená a bílá, což je typické pro cenovky s akcemi a
zlevněnými produkty.</p>
<h2 id="platan-desítka">Platan Desítka</h2>
<p>světlé výčepní pivo 0,5 l</p>
<p>1 l = 23,80</p>
<ul>
<li>záloha 3,-</li>
</ul>
<p>Obrázek zobrazuje láhev piva Platan Desítka.</p>
<p>Na etiketě je vidět nápis “Platan” velkými zelenými písmeny na bílém
oválném podkladu s motivem listu stromu Platanu. Pod ním je nápis
“DESÍTKA” a pod ním další text, který je hůře čitelný, pravděpodobně
popisující typ piva a jeho složení. Cena není na obrázku viditelná.</p>
<p>Obrázek zachycuje reklamu na zlevněný produkt z hypermarketu.</p>
<p><strong>Popis:</strong> Jde o červenou reklamu s bílým podkladem. V
horní části je nápis “AKCE!” v bílém fontu. Napravo od nápisu je kruh s
číslem “-17%” v červené barvě, což značí procento slevy.</p>
<p>Původní cena produktu je 72,90 Kč, která je přeškrtnutá červenou
linií. Nová cena je zobrazena velkými červenými čísly: 59,90 Kč. Číslo
“90” je menší, aby bylo jasně odděleno od celých jednotek.</p>
<p>Reklama má za cíl upozornit zákazníky na slevu a povzbudit je k
nákupu.</p>
<h2 id="jack-daniels-and-coca-cola">Jack Daniel’s and Coca-Cola</h2>
<p>Míchaný alkoholický nápoj z tradiční Tennessee whisky Jack Daniel’s
Old No.7 různé druhy 0,33 l 1 l = 181,52</p>
<p>Obrázek zachycuje výrazný nápis označující zlevněný produkt v
hypermarketu. Na bílém podkladu je červeně napsáno slovo „VYHODNĚ!“ nad
velkým číslem „639⁹⁰“. Číslo „9⁰“ je napsáno menším písmem, což indikuje
desetinné místo, takže cena produktu je 639,90 Kč. Pod číslem se nachází
řada symbolů “%”, které pravděpodobně signalizují procentuální slevu,
ale konkrétní výše slevy není uvedena. Celkový design je zaměřen na
upoutání pozornosti a zdůraznění výhodné ceny.</p>
<h2 id="roku-gin">Roku Gin</h2>
<p>43 % 0,7 l 1 l = 914,14</p>
<p>Na obrázku je plechovka s kombinací nápoje Coca-Cola a whiskey Jack
Daniel’s. Plechovka je černá s logy obou značek. Nahoře je logo Jack
Daniel’s s nápisem “Old No.7 Tennessee Whiskey”. Uprostřed je červené
logo Coca-Cola. Na spodní části plechovky je nápis “Alc. 5% Vol. 330ml”.
Jedná se o kombinovaný nápoj s obsahem alkoholu.</p>
<p>Na obrázku je zlevněný produkt, pravděpodobně v hypermarketu. Na
červeném štítku je napsáno “AKCE - 99,90 Kč”. Produkt je rozmazaný,
takže není možné určit, o jaký produkt se jedná, ale z tvaru by se mohlo
jednat o balení pracího prášku nebo podobného čisticího prostředku.</p>
<p>Obrázek zobrazuje láhev ginu Roku Gin. Na etiketě je napsáno:</p>
<ul>
<li><strong>“Roku Gin”</strong> – název produktu</li>
<li><strong>“Distilled in Japan”</strong> – vyrobeno v Japonsku</li>
<li><strong>“Japanese Craft Gin”</strong> – japonský řemeslný gin</li>
<li>Číslo <strong>“6”</strong> napsané v japonštině (roku znamená
šest).</li>
</ul>
<p>Na etiketě je také logo s červeným čtverečkem a nápisem. Produkt je
pravděpodobně v akční nabídce hypermarketu.</p>
<p>Na obrázku je logo hypermarketu Globus. Je zobrazen nápis “Globus” v
oranžové barvě s bílým stínem, obklopený zeleným ornamentem ve tvaru
zeměkoule. Logo signalizuje výprodej nebo speciální nabídky v daném
obchodě. Cenu ani konkrétní produkt na obrázku nevidím.</p>
<p>NE!</p>
<p>1 Kalhotky a vlasy</p>
<p>ly</p>
<p>Obrázek obsahuje logo hypermarketu Globus. Je to oranžový nápis
“Globus” na oranžovém pozadí, s logem v podobě zeleného zemitrace s
bílými liniemi kolem. Logo pravděpodobně naznačuje, že se jedná o akční
nabídku nebo slevu v tomto hypermarketu.</p>
<p>Na obrázku je reklama na zlevněný produkt. Původní cena produktu je
219,90 Kč, která je přeškrtnutá. Nyní je produkt v akci za 149,90 Kč.
Sleva činí 31 %.</p>
<h2 id="elode">Elode</h2>
<p>dámská EdP</p>
<p>100 ml</p>
<p>Obrázek zobrazuje cenovku s nápisem „VYHODNĚ!“ a cenou 49,90 Kč. Cena
je zvýrazněna velkým červeným písmem, zatímco nápis „VYHODNĚ!“ je
umístěn v menším písmu nad cenou. Pod cenou jsou opakovaně zobrazeny
znaky procenta, což naznačuje slevu nebo akční nabídku.</p>
<h2 id="protex-cream">Protex Cream</h2>
<p>tekuté mýdlo</p>
<p>300 ml</p>
<p>100 ml = 16,63</p>
<p>Mach3 Charcoal dr</p>
<p>Na obrázku je vidět obal produktu “So Lovely” s motivem rozkvetlého
stromu. Produkt je zřejmě kosmetický nebo toaletní, vzhledem k designu
obalu. Na obalu je nápis “So Lovely” a malým písmem “100% natural
origin”. Cena produktu není na obrázku uvedena. Z obrázku není zřejmé,
zda se jedná o zlevněný produkt.</p>
<p>Na obrázku je bílá láhev na tekuté mýdlo značky Protex Cream.</p>
<p>Text na láhvi:</p>
<ul>
<li><strong>Protex</strong> - Název značky.</li>
<li><strong>Cream</strong> - Typ mýdla (s krémem).</li>
<li><strong>For the good health of your skin</strong> - “Pro zdraví vaší
pokožky”.</li>
<li><strong>Helps to protect against bacteria</strong> - “Pomáhá chránit
proti bakteriím”.</li>
<li><strong>Liquid Hand Wash</strong> - “Tekuté mýdlo na ruce”.</li>
</ul>
<p>Na obalu je také logo s ilustrací kapky a nápisem “Dermatologicky
testováno”.</p>
<p>Obrázek neobsahuje cenu.</p>
<p>Obrázek zobrazuje cenovku/štítek s informací o zlevněném
produktu.</p>
<ul>
<li><strong>Text:</strong> Nahoře je napsáno slovo “VYHODNĚ!” což
signalizuje zlevněný produkt.</li>
<li><strong>Cena:</strong> Hlavní část cenovky obsahuje cenu
<strong>59,90 Kč</strong>. Číslo 90 je napsáno menším písmem, což je
běžné označení desetinných míst v cenovkách.</li>
<li><strong>Vzhled:</strong> Celý štítek je barevný (červeno-bílá
kombinace), což má upoutat pozornost zákazníků.</li>
</ul>
<h2 id="naturella-classic">Naturella Classic</h2>
<p>dámské vložky různé druhy 14–18 ks, 1 ks = 3,33 –4,28</p>
<p>Na obrázku je balení dámských vložek “Naturella Classic” ve variantě
“PACK XL”. Balení obsahuje 2x 40 kusů vložek (celkem 80 kusů). Vložky
jsou označeny jako “normal” a “super”.</p>
<p>Na obalu je nanesena cenovka s nápisem “2+1 zdarma”. Cena celého
balení není uvedena. V popředí je ilustrace heřmánků, které korespondují
s názvem značky.</p>
<p>Obrázek zachycuje reklamní štítek s označením zlevněného zboží.
Dominantní prvek je velký červený nápis “549⁹⁰”, který značí cenu
produktu v korunách českých. Číslo “90” je napsáno menším fontem a
naznačuje haléře. Nahoře se nachází nápis “VÝHODNĚ!”, který zdůrazňuje
výhodnou cenu produktu. Spodní část obrázku obsahuje opakující se symbol
“%”, pravděpodobně značící procentuální slevu, ale přesné procento není
uvedeno.</p>
<h2 id="o.b.">O.B.</h2>
<p>menstruační kalhotky různé velikosti</p>
<p>Obrázek zobrazuje balení kalhotek pro menstruaci značky ob. na světle
tyrkysovém pozadí. Na obalu je vyobrazena žena v černém topu a černé
spodní prádle. Nad ní je nápis “ob.” v bílém kruhu a pod ní nápis
“Period Underwear”.</p>
<p>Pod nápisem “Period Underwear” jsou čtyři ikony s textem, které
pravděpodobně popisují vlastnosti produktu:</p>
<ul>
<li><strong>12h</strong> - naznačuje 12hodinovou ochranu</li>
<li><strong>ECO</strong> - označuje ekologický aspekt produktu</li>
<li><strong>Comfort</strong> - pravděpodobně značí pohodlnost</li>
<li><strong>Size 2</strong> - pravděpodobně označuje velikost 2</li>
</ul>
<p>Na spodní části balení je nápis “Heavy Flow” s grafickou reprezentací
intenzity (4 kapičky) a nápis “1x panty”. V pravém horním rohu je štítek
“XS/S”. V levém horním rohu je štítek “NEW”.</p>
<p>Obrázek zachycuje reklamní štítek s informací o zlevněném zboží.
Hlavním prvkem je cena <strong>199,90 Kč</strong>, která je zvýrazněna
velkým červeným písmem. Nad cenou je napsáno slovo
“<strong>VÝHODNĚ!</strong>”, které signalizuje slevu nebo výhodnou
nabídku. Pod cenou je řada procent, pravděpodobně se jedná o výši slevy.
Štítek je bílý s červeným orámováním a nápisy.</p>
<h2 id="elmex">Elmex</h2>
<p>zubní kartáčky různé druhy 3 ks 1 ks = 66,63</p>
<p>Obrázek zobrazuje balení tří zubních kartáčků Almay, které jsou
označeny jako “Ultra Soft”. Balení je zlevněné a na přední straně je
nápis “3x levněji”. Na obalu je také logo švýcarské kvality a nápis
“ultra soft” napsaný bílým písmem na modrém pozadí. Kartáčky mají modré
a bílé provedení s modrým pruhem. Zřejmě jde o výhodné balení zubních
kartáčků nabízené v hypermarketu. Cena není na obrázku vidět.</p>
<h2 id="ještě-více-akcí-v-online-letáku-od-2.-4.-do-29.-4.-2025-1">JEŠTĚ
VÍCE AKCÍ V ONLINE LETÁKU od 2. 4. do 29. 4. 2025</h2>
<p>Obrázek zachycuje zlevněný produkt v hypermarketu. Původní cena
produktu byla 349,90 Kč, která je přeškrtnutá. Nová, zlevněná cena je
249,90 Kč. Uvedena je sleva ve výši 28 %. Text „AKCE!“ signalizuje, že
se jedná o výhodnou nabídku.</p>
<p>Obrázek zachycuje zlevněný produkt s cenovkou.</p>
<ul>
<li><strong>Nadpis:</strong> Výrazný nápis “AKCE!” upozorňuje na
slevu.</li>
<li><strong>Původní cena:</strong> 499,90 Kč je přeškrtnuta, což
indikuje, že se jedná o původní, vyšší cenu.</li>
<li><strong>Sleva:</strong> Vedle ceny je uveden kruh s nápisem “-30%”,
což znamená, že je produkt zlevněn o 30%.</li>
<li><strong>Nová cena:</strong> Pod přeškrtnutou cenou je uvedena nová
cena 349,90 Kč, což je cena po slevě.</li>
</ul>
<p>Celkově se jedná o reklamu na zlevněný produkt, která má za cíl
přilákat zákazníky nižší cenou.</p>
<h2 id="reebok">Reebok</h2>
<p>pánská EdT různé druhy 50 ml 100 ml = 499,80</p>
<p>Na obrázku je parfém Reebok Move Your Spirit. Parfém je v průhledném
obdélníkovém flakonu s modrým uzávěrem a modrým proužkem s nápisem “MOVE
YOUR SPIRIT”. Cena není na obrázku uvedena.</p>
<p>Obrázek ukazuje balení pánského parfému Jaguar For Men Evolution.
Vidíme samotnou lahvičku a její kartonové balení.</p>
<p><strong>Text na obalu:</strong></p>
<ul>
<li><strong>JAGUAR</strong> (logo značky)</li>
<li><strong>FOR MEN</strong></li>
<li><strong>EVOLUTION</strong></li>
<li><strong>Eau de Toilette Vaporisateur Natural Spray</strong> (typ
produktu)</li>
<li><strong>100 ml 3.4 FL.OZ. 80% VOL.</strong> (objem a obsah
alkoholu)</li>
</ul>
<p>Produkt je zřejmě v akci, což naznačuje označení “Výhodná cena” v
levém horním rohu. Cena není na obrázku uvedena.</p>
<p>Obrázek zobrazuje cenovku s nápisem “VYHODNĚ!” v horní části. Pod tím
je velkým písmem zobrazena cena <strong>49⁹⁰ Kč</strong>. Dolní část
obrázku obsahuje řadu symbolů procent (% ), které pravděpodobně
signalizují procentuální slevu. Celkově jde o cenovku oznamující
výhodnou cenu 49,90 Kč za nějaký produkt v hypermarketu.</p>
<h2 id="authentic-toya-aroma">Authentic Toya Aroma</h2>
<p>sprchový gel</p>
<p>různé druhy</p>
<p>400 ml</p>
<p>100 ml = 12,48</p>
<p>Obrázek zobrazuje cenu zlevněného produktu v hypermarketu. V horní
části je nápis “VYHODNĚ!”. Pod tím je velkým červeným písmem uvedena
cena: <strong>199<sup>90</sup></strong>. Cena je v českých korunách (Kč)
a desetinná místa jsou menším písmem. Celkově obrázek signalizuje
výhodnou cenu a snahu přilákat zákazníky.</p>
<h2 id="wilkinson-sword">Wilkinson Sword</h2>
<p>Xtreme3</p>
<p>dámská holítka</p>
<p>12 ks</p>
<p>1 ks = 16,66</p>
<p>79 90</p>
<h2 id="bella">Bella</h2>
<p>intimní emulze</p>
<p>různé druhy</p>
<p>300 ml</p>
<p>100 ml = 26,63</p>
<p>193 90</p>
<h2 id="elmex-sensitive">Elmex Sensitive</h2>
<p>ústní voda</p>
<p>400 ml</p>
<p>100 ml = 48,48</p>
<p>Obrázek ukazuje balení sprchového gelu “Authentic Toya Aroma Refresh
Shower Gel Red Watermelon”.</p>
<p>Na přední straně balení je několik textových elementů:</p>
<ul>
<li><strong>AUTHENTIC TOYA AROMA</strong> – značka a řada produktu</li>
<li><strong>Refresh</strong> – název varianty sprchového gelu</li>
<li><strong>SHOWER GEL</strong> – typ produktu</li>
<li><strong>Red Watermelon</strong> - Vůně sprchového gelu</li>
<li><strong>S DUSÍKATOU POMOCÍ ESENCIÁLNÍCH OLEJŮ NATURAL
FRAGRANCE</strong> - Popis produktu zdůrazňující přítomnost esenciálních
olejů a přírodní vůni.</li>
<li><strong>BEZPEČNÉ PRO POKOŽKU</strong></li>
<li><strong>DERMATOLOGICKY TESTOVÁNO</strong></li>
<li>Cena produktu bohužel není na obrázku vidět.</li>
</ul>
<p>Na obrázku je balení holicích hlavic Xtreme 3 Sensitive Comfort.</p>
<p>Na obalu je napsáno: * <strong>Xtreme 3</strong> - název produktu *
<strong>Sensitive Comfort</strong> - varianta pro citlivou pokožku *
<strong>3 blades</strong> - 3 břity * <strong>8 + 4</strong> - balení
obsahuje 8 hlavic + 4 zdarma * <strong>Cena: 199,90 Kč</strong> - akční
cena balení.</p>
<p>Na obrázku je balení intimního mycího gelu Bella Sensitive Delicate
Emulsion.</p>
<p><strong>Popis produktu:</strong></p>
<ul>
<li><strong>Značka:</strong> Bella</li>
<li><strong>Produkt:</strong> Sensitive Delicate Emulsion (intimní mycí
gel)</li>
<li><strong>Určení:</strong> Pro intimní hygienu</li>
<li><strong>Vlastnosti:</strong> Jemné složení, vhodné pro citlivou
pokožku. Obsahuje složky jako allantoin, D-panthenol a glycerín.
Obsahuje i kyselinu mléčnou (lactic acid).</li>
</ul>
<p><strong>Text na obalu:</strong></p>
<ul>
<li><strong>Bella Sensitive:</strong> Označuje řadu výrobků určených pro
citlivou pokožku.</li>
<li><strong>Intimate Wash:</strong> Informuje, že se jedná o mycí gel
pro intimní hygienu.</li>
<li><strong>Delicate Emulsion Formula:</strong> Popisuje typ složení
produktu - jemná emulze.</li>
<li><strong>Allantoin, D-Panthenol, Glycerin, Lactic Acid:</strong>
Uvádí hlavní složky produktu, které přispívají k jeho účinnosti a
šetrnosti.</li>
<li><strong>Emulsja do higieny intymnej:</strong> Znění v jiném jazyce,
pravděpodobně polském, opět označující mycí gel pro intimní
hygienu.</li>
</ul>
<p>Cena produktu není na obrázku vidět.</p>
<p>Na obrázku je balení zubní pasty Elmex Sensitive. Je to bílé balení s
dominantním zeleným nápisem “elmex” na přední straně.</p>
<p>Na horní straně je zelený obdélník s nápisem “SENSITIVE”. Pod ním je
nakreslený jednoduchý obrázek zubu.</p>
<p>Pod nápisem je dlouhý text, který vypadá jako složení a popis pasty,
ale je příliš malý na čitelnost.</p>
<p>Na spodní straně balení je nápis “fluorid 1450 ppm”. Je to zřejmě
informace o koncentraci fluoridů v pastě.</p>
<p>Cena je 79,90 Kč.</p>
<h2 id="jaguar">Jaguar</h2>
<p>pánská EdT různé druhy 100 ml</p>
<p>Neplatí pro hypermarket Praha-Štěrboholy.</p>
<p>Na obrázku je reklama na zlevněný produkt.</p>
<ul>
<li><strong>Nadpis:</strong> „AKCE!“ – upozorňuje na probíhající
akci.</li>
<li><strong>Původní cena:</strong> 149,90 Kč – je přeškrtnutá, čímž se
zdůrazňuje sleva.</li>
<li><strong>Nová cena:</strong> 129,90 Kč – je zobrazena velkým písmem a
indikuje zlevněnou cenu.</li>
<li><strong>Sleva:</strong> -13% – kruhová grafika s procentuální
hodnotou slevy.</li>
</ul>
<p>Celkově obrázek informuje o produktu, který je nyní v prodeji za
129,90 Kč, s 13% slevou z původní ceny 149,90 Kč.</p>
<h2 id="tresemmé">Tresemmé</h2>
<p>šampon na vlasy různé druhy 400 ml 100 ml = 32,48</p>
<p>Na obrázku je balení šamponu Tresemmé. Konkrétně jde o šampon z řady
Botanique, s označením “Cleanse”.</p>
<p><strong>Text na obalu:</strong></p>
<ul>
<li><strong>TRESemmé</strong> – Značka vlasové kosmetiky.</li>
<li><strong>BOTANIQUE</strong> – Podřada šamponů s důrazem na přírodní
složky.</li>
<li><strong>CLEANSE</strong> – Označení typu šamponu, pravděpodobně se
jedná o čisticí šampon.</li>
<li><strong>S VITAMIN COMPLEX</strong> – Obsahuje komplex vitamínů.</li>
<li><strong>Pro vnější a vnitřní vitalitu</strong> - uvádí účinek
šamponu</li>
<li><strong>PĚNA Z PŘÍRODNÍHO EXTRAKTU</strong> - složení šamponu</li>
</ul>
<p>V dolní části balení je uvedena cena: <strong>129,⁹⁰ Kč</strong>
(cena je zvýrazněna).</p>
<p>Balení je černé s zelenými prvky, což může naznačovat důraz na
přírodní složky.</p>
<p>Na obrázku je reklama na zlevněný produkt. V horní části je nápis
“VYHODNĚ!”. Uprostřed je velkými číslicemi zobrazena cena “549,90”, což
znamená 549 korun a 90 haléřů. V dolní části jsou patrné procenta,
pravděpodobně značící výši slevy.</p>
<h2 id="gillette-mach3-charcoal">Gillette Mach3 Charcoal</h2>
<p>náhradní hlavice</p>
<p>8 ks</p>
<p>1 ks = 68,74</p>
<p>Na obrázku je cenovka s nápisem “VYHODNĚ!”. Cena produktu je 59,90
Kč. Nápis “VYHODNĚ!” naznačuje, že se jedná o zlevněný produkt. Číslo 90
je napsáno menším písmem než 59, což vizuálně zdůrazňuje cenu.</p>
<h2 id="bella-perfekta">Bella Perfekta</h2>
<p>Ultra dámské vložky</p>
<p>různé druhy</p>
<p>20 ks</p>
<p>1 ks = 3,-</p>
<p>Na obrázku je balení náhradních břitů Gillette Mach3 Charcoal. Jsou
to náhradní břity pro holicí strojek Gillette Mach3, které obsahují uhlí
pro hladší klouzání a čištění. Balení obsahuje 8 břitů.</p>
<p>V levém horním rohu je žlutý štítek s číslicí “8”, což pravděpodobně
označuje počet kusů v balení. Pod tím je nápis “Gillette Mach3 Charcoal”
a pod tím je malý obrázek břitu. V dolní části balení je žlutý pruh s
nápisem “8”, pravděpodobně označující cenu 80 Kč nebo 8,00 Kč. Napravo
od tohoto pruhu je malý symbol zámku s kolečkem, což může znamenat, že
se jedná o produkt v akci nebo s extra výhodou.</p>
<p>Obrázek zachycuje balení menstruačních vložek Bella Perfecta Slim
Rose. Na obalu je vidět růžový motiv s květy růží.</p>
<p>Text na obalu:</p>
<ul>
<li><strong>Bella</strong> - Značka výrobku.</li>
<li><strong>Perfecta Slim Rose</strong> - Název konkrétního typu
vložek.</li>
<li><strong>Soft</strong> - Označuje jemnost vložek.</li>
<li><strong>20</strong> - Počet vložek v balení.</li>
<li><strong>Dual fresh</strong> - Zdůrazňuje technologii pro
svěžest.</li>
</ul>
<p>Na obalu je také vidět grafické znázornění jedné vložky.</p>
<p>Obrázek ukazuje reklamní leták na produkty značky Natuvell určené pro
péči o nehty. Na letáku jsou dvě balení tohoto produktu, jedno s modrými
prvky a druhé s oranžovými.</p>
<p><strong>Text na obrázku:</strong></p>
<ul>
<li><strong>AKCE!</strong> - Velký nápis upozorňující na probíhající
akci.</li>
<li><strong>-30%</strong> - Zlevnění až 30% na vybrané produkty.</li>
<li><strong>NA VYBRANÉ VÝROBKY PÉČE O NEHTY ZNAČKY NATUVELL</strong> -
Uvádí, na jaké produkty se akce vztahuje.</li>
<li><strong>nagellack HAÜTNAGE</strong> - Na obalech je tento nápis,
pravděpodobně se jedná o konkrétní řadu nebo typ produktu.</li>
</ul>
<p>0</p>
<p>Joy arket Havirov</p>
<p>od 2. 4. do 29. 4. 2025</p>
<p>Obrázek zobrazuje zlevněný produkt z hypermarketu. Původní cena
produktu byla 149,90 Kč, která je přeškrtnuta. Nyní je produkt nabízen
za 99,90 Kč. Sleva činí 33 %. Text “AKCE!” je napsán nahoře červeným
písmem, aby upoutal pozornost zákazníka.</p>
<h2 id="merkur">Merkur</h2>
<p>prášek nebo gel 60 dávek 1 dávka = 1,67</p>
<p>Obrázek zachycuje červenou cenovku s nápisem “VYHODNĚ!”. Pod ním je
velkým červeným písmem napsána cena “59⁹⁰”, což znamená 59 korun a 90
haléřů. Cena je zlevněná, což naznačuje nápis “VYHODNĚ!”. Spodní část
cenovky je vyplněna procenty.</p>
<h2 id="pur">Pur</h2>
<p>prostředek na nádobí různé druhy 750 ml 100 ml = 7,99</p>
<p>Obrázek zobrazuje cenu s nápisem “Výhodně!”. Cena je 69,90 Kč. Nápis
“Výhodně!” signalizuje slevu nebo akční cenu.</p>
<h2 id="dr.-devil">Dr. Devil</h2>
<p>WC point různé druhy 75 ml 100 ml = 93,20</p>
<p>Na obrázku je reklama na zlevněný produkt z hypermarketu. Dominantní
prvek je velké červené číslo <strong>32<sup>90</sup></strong>, které
představuje cenu v českých korunách. Cena je uvedena jako 32 korun a 90
haléřů.</p>
<p>Nad cenou je napsáno slovo <strong>“VYHODNĚ!”</strong> velkými
červenými písmeny, což naznačuje, že se jedná o akční cenu. Pod cenou
jsou symboly procent (%) opakující se několikrát, pravděpodobně
signalizující procentuální slevu.</p>
<h2 id="dreamies">Dreamies</h2>
<p>pochoutky pro kočky různí druhy 60 g 100 g = 54,83</p>
<h2 id="ještě-více-akcí-v-online-letáku-1">JEŠTĚ VÍCE AKCÍ V ONLINE
LETÁKU</h2>
<p>Na obrázku je zelená plastová lahev s pracím gelem Merkur. Lahev má
objem 1,5l. Na etiketě je výrazně napsáno “Merkur” velkým bílým písmem.
Pod ním je text “Pro bílé a barevné prádlo, tekutý prací gel”, napsaný
menším písmem. V levém dolním rohu je červený rámeček s textem “Slevová
akce” a pod tím je cena “31,90 Kč”.</p>
<p>Na obrázku je balení čisticího prostředku Calgon Power. Je to modrá
plastová láhev s bílým znakem Calgon a nápisem “Power” pod ním. V horní
části láhve je štítek “3v1”, který naznačuje, že produkt má trojnásobnou
funkci: odstraňuje vodní kámen, chrání pračku a zlepšuje prací účinnost.
V levém dolním rohu láhve je označení “101”, které pravděpodobně
naznačuje slevu. Pod tím je nápis “299,90 Kč”, což je cena produktu.</p>
<p>teKu</p>
<p>Nep</p>
<p>Obrázek zobrazuje balení sprchového gelu Pur Secrets of Care Balsam
Aloe Vera. Na obalu je logo značky Pur v červené barvě. Pod logem je
nápis “Secrets of Care Balsam Aloe Vera” v modré a zelené barvě. Balení
je bílé s modrými prvky znázorňujícími vodu a listy aloe vera. V dolní
části balení je uvedena akční cena: <strong>199,90 Kč</strong>.</p>
<p>Obrázek zachycuje balení WC tabletek Mr. Proper v limitované edici
“Blooming Blossom”. Balení obsahuje 12 tabletek a je ve fialovo-bílé
barvě.</p>
<p>Na obalu je vyobrazen maskot Mr. Proper v podobě opice, radostně
gestikulující.</p>
<p>Text na obalu: * <strong>Mr. Proper</strong> - název značky. *
<strong>Blooming Blossom</strong> - označení vůně. *
<strong>12x</strong> - udává počet tablet v balení. * <strong>S vůní
oceánu</strong> - popis vůně. * <strong>Chrání proti vodnímu kameni a
nečistotám</strong> - informace o vlastnostech produktu. * <strong>S
dlouhotrvající svěžestí</strong> - další informace o produktu. *
<strong>179,90 Kč</strong> - cena výrobku.</p>
<p>Obrázek zobrazuje balení kočičích pamlsků Dreamies. Balení je žluté a
na něm je vyobrazen kotka v ležící poloze. Nad ní jsou nakreslené plátky
pamlsků. Nahoře je nápis “Dreamies” a dole údaj o hmotnosti 60g. Text na
levé straně balení se mi nepodařilo přečíst.</p>
<p>Obrázek zachycuje cenovku se slevou v hypermarketu. Původní cena
produktu byla 219,90 Kč, nyní je zlevněna na 189,90 Kč. Sleva činí 13 %.
Slovo “AKCE!” upozorňuje na výhodnou nabídku.</p>
<p>Gourmet krmivo pro kočky různé druhy 12× 85 g 100 g = 18,62</p>
<p>Na obrázku je balení krmiva pro kočky Gourmet Gold. V popředí je bílá
kočka a na pravé straně talíř s krmivem.</p>
<p><strong>Text na obalu:</strong></p>
<ul>
<li><strong>Gourmet Gold</strong> (hlavní značka a řada)</li>
<li><strong>KAWALKI W SOSIE + KUSKY VE STAWE</strong> (polsky: kousky v
omáčce + kousky ve vlastní šťávě – popis produktu)</li>
<li><strong>10X 85g</strong> – balení obsahuje 10 kusů po 85 gramů.</li>
<li>Následuje výčet příchutí v polštářcích (např. kuřecí, hovězí, krůtí,
losos).</li>
<li>Dále je na obalu uvedena hmotnost a informace o výrobci.</li>
</ul>
<p>Obrázek zobrazuje zlevněný produkt, který je nabízen ve velkém
balení.</p>
<p>Obrázek zobrazuje cenovku z hypermarketu. Je na ní napsáno velké
červené písmo: “329⁹⁰”. Text “VYHODNĚ!” je napsán menším písmem v
červeném pruhu nahoře. Cena je 329,90 Kč. Spodní část cenovky je tvořena
řadou znaků “%”.</p>
<p>Calgon Power gel změkčovač vody 750 ml 100 ml = 43,99</p>
<p>Obrázek zachycuje reklamu na zlevněný produkt. Výrazně je zvýrazněna
cena <strong>159,90 Kč</strong>. Nad cenou je nápis
<strong>“VYHODNĚ!”</strong>, který zdůrazňuje výhodnost nabídky. Pod
cenou jsou znaky “%” uspořádané v řadě, pravděpodobně se jedná o
procentuální slevu, která není na obrázku uvedena.</p>
<h2 id="hg">HG</h2>
<p>tekutý čistič odpadů 1 l</p>
<p>Neplatí pro hypermarket Havířov.</p>
<p>Na obrázku je balení tekutého čističe odpadů HG. Je to bílá plastová
láhev o objemu 1 litr. Na štítku je nápis “HG” velkými písmeny a pod ním
“odpad”. Dále je napsáno “tekutý čistič odpadů” opakovaně. Pod štítkem
je grafické zobrazení zakřivené trubky, která představuje potrubí. V
levém dolním rohu je červený štítek s cenou <strong>299,90 Kč</strong>.
Je zjevné, že jde o výhodný/zlevněný produkt z hypermarketu.</p>
<p>Na obrázku je zlevněný produkt – Bref Color Aktiv WC blok. Je označen
nápisem “Výhodně!”. Cena tohoto produktu je 119,90 Kč. Pod cenou je
uvedeno, že balení obsahuje 4 kusy po 50g a cena za jeden kus by byla
59,95 Kč.</p>
<p>Obrázek zachycuje balení toaletních tablet Bref Color Aktiv+ s vůní
eukalyptu. Balení obsahuje 10 tablet.</p>
<p>Text na obalu:</p>
<ul>
<li><strong>Bref</strong> – název značky.</li>
<li><strong>COLOR AKTIV+</strong> – typ produktu, toaletní tablety
určené pro barevné toalety.</li>
<li><strong>Eucaplytus</strong> - vůně tablet.</li>
<li><strong>50% SHINE</strong> - zdůrazňuje, že produkt zajišťuje o 50%
vyšší lesk.</li>
<li><strong>PREMIUM</strong> - naznačuje kvalitní provedení
výrobku.</li>
</ul>
<p>Obrázek naznačuje, že se jedná o zlevněný produkt, který je nabízen v
hypermarketu. Bohužel cena není uvedena.</p>
<p>Na obrázku je zlevněný produkt. Původní cena produktu byla 34,90 Kč,
což je přeškrtnuté. Nová, zlevněná cena je 25,90 Kč. Vedle ceny je kruh
s textem “-25%”, což znamená, že produkt je zlevněn o 25%. V horní části
obrázku je nápis “AKCE!”.</p>
<h2 id="bitesfun">Bites&amp;Fun</h2>
<p>pochoutky pro psy různé druhy</p>
<p>85 g 100 g = 30,47</p>
<p>Neplatí pro hypermarket Praha-Štěrboholy.</p>
<p>Na obrázku je zlevněný produkt s cenovkou. Cenovka je červeno-bílá.
Nahoře je nápis “VYHODNĚ!” červeným písmem. Pod ním je velkým červeným
písmem uvedena cena: 59,90 Kč. Pod cenou jsou dále uvedeny znaky %,
pravděpodobně značící procentuální slevu.</p>
<h2 id="sheba">Sheba</h2>
<p>kapsičky pro kočky 4× 85 g, 100 g = 17,62 6× 50 g, 100 g = 19,97</p>
<p>Na obrázku je balíček psích pamlsků „Bites &amp; Fun Chicken Bites“.
Balíček má žluté pozadí a obsahuje ilustrace dvou psů, jednoho zlatého a
druhého modrého. Oba psi se dívají na misku plnou pamlsků ve tvaru
kosti.</p>
<p>Text na obalu:</p>
<ul>
<li><strong>Bites &amp; Fun</strong> - Název produktu.</li>
<li><strong>FOR DOGS</strong> - Určení produktu - pro psy.</li>
<li><strong>Chicken Bites</strong> - Chuť pamlsků - kuřecí.</li>
</ul>
<p>Cena není vidět na obrázku.</p>
<p>Na obrázku je balení kočičí konzervy Sheba Fresh &amp; Fine v
příchuti s kuřecím masem.</p>
<p>Na přední straně balení je velké logo Sheba a nápis “Fresh &amp;
Fine”. Pod tím je uvedena příchuť “s kuřecím masem”. Níže jsou dva
oranžové štítky s textem “Pro dokonalou kombinaci chutí” a “s dušeným
kuřecím masem”.</p>
<p>Vpravo nahoře je uvedeno “6x50g”, což značí, že balení obsahuje šest
konzerv po 50 gramů.</p>
<p>Na straně balení je patrný text, který popisuje složení a nutriční
hodnoty, ale je příliš malý na detailní rozluštění.</p>
<p>Obrázek zachycuje zlevněný/výhodný produkt z hypermarketu. V horní
části je nápis “VYHODNĚ!”, který signalizuje slevu. Uprostřed je velkým
červeným písmem uvedena cena 84,90 Kč. Číslo 90 je menším fontem, což
naznačuje desetinná místa. V dolní části jsou opakovaně uvedené znaky
“%”, pravděpodobně symbolizující procentuální slevu, která se k danému
produktu vztahuje.</p>
<h2 id="tesori">Tesori</h2>
<p>aviváž různé druhy 38 dávek 1 dávka = 2,23</p>
<p>Obrázek zobrazuje červenou cedulku s nápisem “VÝHODNĚ!”. Pod ním je
velkými červenými číslicemi zobrazena cena <strong>69,90 Kč</strong>. V
dolní části cedulky jsou opakující se znaky “%”, pravděpodobně
indikující procentuální slevu, ale konkrétní hodnota slevy není uvedena.
Celkově se jedná o propagační materiál hypermarketu, který má lákat
zákazníky na zlevněný produkt.</p>
<h2 id="real">Real</h2>
<p>dezinfekční prostředek proti plísni 550 g 100 g = 12,71</p>
<p>Obrázek zobrazuje cenu 89,90 Kč. Nad cenou je napsáno slovo
„VÝHODNĚ!“, což naznačuje, že se jedná o zlevněný nebo výhodný produkt.
Červený rámeček a výrazná cena slouží k upoutání pozornosti
zákazníka.</p>
<h2 id="bref">Bref</h2>
<p>tekutý čistič ve spreji do koupelny 750 ml</p>
<p>100 ml = 11,99</p>
<p>139 90</p>
<p>Obrázek obsahuje logo hypermarketu Globus. Je napsáno výrazným
oranžovým písmem na oranžovém podkladu a orámováno zeleným vzorem
připomínajícím Zemi. Logo signalizuje možnost výhodných nákupů v tomto
obchodě. Vzhledem k tomu, že neobsahuje konkrétní produkt ani cenu,
nelze popsat zlevněný produkt.</p>
<p>Na obrázku je láhev šamponu „Tesori d’Oriente Ayurveda“. Láhev je
modrá s bohatými, zdobenými orientálními vzory v růžové, oranžové a
zelené barvě.</p>
<p>Na štítku je napsáno:</p>
<ul>
<li><strong>Tesori d’Oriente</strong> - název značky.</li>
<li><strong>AYURVEDA</strong> - naznačuje, že šampon obsahuje
ingredience a inspiraci z ajurvédské medicíny.</li>
<li><strong>S obsahem mandlového oleje</strong> - zdůrazňuje přidanou
hodnotu produktu.</li>
<li><strong>Výhodná cena</strong> - je zde nápis „výhodná cena“ a také
číslo <strong>39</strong> (přibližně) – tedy cena je 39 Kč.</li>
</ul>
<p>Na obrázku je zelená láhev s rozprašovačem od značky Real. Na etiketě
je napsáno “Proti plísním”, což naznačuje, že se jedná o čisticí
prostředek určený k odstraňování plísní. Dále je uvedeno “Vysoká
účinnost”, “Snadné čištění”, “Prevence proti růstu plísní”. Je zde
uvedena i cena: <strong>139,90 Kč</strong> a objem 500ml. Na etiketě
jsou také ikonky s nápisem “Ochrana proti vlhkosti” a “Testováno a
doporučeno”.</p>
<p>Na obrázku je láhev s čisticím prostředkem na koupelnu značky
Bref.</p>
<ul>
<li><strong>Produkt:</strong> Bref Bathroom (čisticí prostředek na
koupelnu)</li>
<li><strong>Objem:</strong> 750 ml</li>
<li><strong>Text na obalu:</strong>
<ul>
<li>“Bref” - Název značky.</li>
<li>“Bathroom” - Označení produktu.</li>
<li>“Limescale &amp; Soap Scum” - Upozornění na to, že prostředek
odstraňuje vodní kámen a mýdlové usazeniny.</li>
</ul></li>
</ul>
<p>Na etiketě je patrný modrý pruh s nápisem o výhodné ceně. Bohužel,
cena není na obrázku čitelná, je zastíněna.</p>
<p>Harmony toaletní papír, 4vrstvý 16 rolí 1 role = 8,74</p>
<p>Obrázek zachycuje reklamní banner na toaletní papír “Harmony
Exclusive Pure White”.</p>
<p><strong>Text na banneru:</strong></p>
<ul>
<li><strong>HARMONY</strong> - Název značky.</li>
<li><strong>4 vrstvy</strong> - Informace o počtu vrstev papíru.</li>
<li><strong>4</strong> - Výrazné číslo, pravděpodobně označující počet
balení nebo rolí.</li>
<li><strong>18,90 Kč</strong> – Cena produktu, kde desetinná místa jsou
oddělena čárkou.</li>
<li><strong>Exclusive Pure White</strong> – Označení produktu.</li>
</ul>
<p>Z výše uvedeného je zřejmé, že se jedná o akční nabídku na toaletní
papír Harmony Exclusive Pure White.</p>
<p>Na obrázku je vidět část obalu produktu, pravděpodobně to jsou
toaletní papír nebo papírové kapesníky.</p>
<p><strong>Text na obrázku:</strong></p>
<ul>
<li><strong>“4 VRSTVY” / “4 PLY”</strong>: Označuje, že produkt má 4
vrstvy papíru, což naznačuje vyšší kvalitu a měkkost.</li>
<li><strong>“NO VTISKU”</strong>: Zřejmě značí, že produkt neobsahuje
žádné tištěné vzory.</li>
<li><strong>“16 MEGA PACK”</strong>: Udává množství kusů v balení - 16
kusů, a označuje to jako výhodné mega balení.</li>
<li>Symbol se zeleným křížem uvnitř kruhu: symbolizuje dermatologické
testy.</li>
</ul>
<p>Celkově obrázek naznačuje, že se jedná o kvalitní, měkký a výhodný
balení toaletního papíru/papírových kapesníků.</p>
<p>Obrázek ukazuje zlevněný produkt pro kočky, konkrétně stelivo
Biokat’s.</p>
<p><strong>Popis produktu:</strong></p>
<ul>
<li><strong>Název:</strong> Biokat’s</li>
<li><strong>Druh:</strong> stelivo pro kočky (s obrázkem kočky na
obalu)</li>
<li><strong>Variant:</strong> Biokat’s Fresh</li>
<li><strong>Množství:</strong> 10kg (uvedeno na obalu)</li>
</ul>
<p><strong>Text na obrázku a vysvětlení:</strong></p>
<ul>
<li><strong>“AKCE!”</strong> - výkřik upozorňující na slevu.</li>
<li><strong>“-25%”</strong> - sleva 25% na produkt.</li>
<li><strong>“PŘÍKLAD Ceny”</strong> - označuje slevněnou cenu.</li>
<li><strong>199,90</strong> - Původní cena (199 korun a 90 haléřů).</li>
<li><strong>149,90</strong> - Snížená cena (149 korun a 90 haléřů).</li>
<li>Na obalu steliva je uvedeno “100% svěžest” a obrázek kočky.</li>
<li>Na spodní straně obalu je napsáno “10kg” - hmotnost steliva.</li>
</ul>
<p>Obrázek je zřejmě reklamní leták hypermarketu, který propaguje slevu
na stelivo Biokat’s.</p>
<p>PALO</p>
<p>Obrázek zobrazuje logo hypermarketu Globus. Slovo “Globus” je napsáno
velkými oranžovými písmeny na žlutém pozadí a obklopeno zelenou
orámovkou ve tvaru zeměkoule. Jde o reklamu nebo značku hypermarketu,
pravděpodobně signalizující výhodné ceny nebo slevy. Cena na obrázku
není uvedena.</p>
<p>ve rostliny cyselina</p>
<p>Noniati nro hvnermarket druhy a velikosti</p>
<p>lové barvy Fi Rotacni mop</p>
<p>Akr</p>
<p>Detska sada</p>
<p>Na obrázku je zlevněná hračka “Rubble &amp; Crew Základní vozidlo” v
různých provedeních. Původní cena byla 479,90 Kč, nyní je zlevněna na
379,90 Kč. Jedná se o hračku určenou pro děti od 3 let. Vpravo je logo
výrobce Spin Master.</p>
<p>Obrázek zobrazuje zlevněný produkt s akční cenou. Původní cena je
přeškrtnutá a činila 149,90 Kč. Nová cena je 119,90 Kč, což znamená
slevu 20 %. Text na obrázku hlásí „AKCE!“ a upozorňuje na výhodnou
cenu.</p>
<h2 id="temperové-barvy">Temperové barvy</h2>
<p>6 ks</p>
<p>1 ks = 19,98</p>
<p>Na obrázku je kulatý štítek s motivem tužky a nápisy.</p>
<ul>
<li><strong>Pencil’s Since 1790:</strong> Nápis uvádí, že společnost
vyrábí tužky od roku 1790.</li>
<li><strong>KOH-I-NOOR:</strong> Označení značky KOH-I-NOOR,
renomovaného výrobce psacích potřeb.</li>
<li><strong>HARDTMUTH:</strong> Další označení značky, pravděpodobně
jméno zakladatele nebo součást názvu firmy.</li>
</ul>
<p>Štítek pravděpodobně označuje slevu nebo výhodnou nabídku na tužky
KOH-I-NOOR HARDTMUTH v hypermarketu. Není zde uvedena cena.</p>
<p>VICOVAC ST</p>
<p>Ihezni Keramicka Uprava</p>
<p>KIUZOVÉ NOZKY</p>
<p>16 zolovana rukojet</p>
<p>Obrázek ukazuje balení temperových barev. Na přední straně je
ilustrace žirafy a nápis “TEMPERA 6”. Pod nápisem je uvedeno: “vhodné
malování a kreslení 6x16ml”. Vlevo je vidět nápis „super cena“ a níže
text, který vypadá jako popis produktu nebo informace o výrobci, ale je
příliš malý na to, aby byl čitelný. V dolní části balení je nápis
“TEMPERA 6” ještě jednou. Na obalu je také logo výrobce. Cena není na
obrázku vidět.</p>
<ul>
<li>Sacı nadice 2.2 m</li>
</ul>
<p>Na obrázku je zlevněný produkt s cenovkou.</p>
<ul>
<li><strong>Text:</strong> “VYHODNĚ!” je text napsaný nahoře,
signalizující, že se jedná o výhodnou nabídku.</li>
<li><strong>Cena:</strong> 529,90 Kč. Číslo 529 je napsáno výrazně,
zatímco desetinné místo “90” je napsáno menším fontem a jako dolní
index.</li>
</ul>
<h2
id="nutristar-creatine-monohydrate-pure-monohydrate-pure-monohydrate-pure-monohydrate-pure">Nutristar
Creatine Monohydrate Pure Monohydrate Pure Monohydrate Pure Monohydrate
Pure</h2>
<ul>
<li><ul>
<li>prášková aminokyselina</li>
</ul></li>
<li><ul>
<li>vhodná při zvýšeném</li>
</ul></li>
</ul>
<p>Na obrázku je modrá dóza s produktem “Creatine Monohydrate Pure” od
značky NutriStar. Na etiketě je označení “100% čistý kreatin
monohydrát”.</p>
<p>Na etiketě je dále uvedeno: * <strong>Obsah:</strong> 500 g *
<strong>Doporučené dávkování:</strong> 5 g (1 odměrka) s dostatečným
množstvím vody. * <strong>Upozornění:</strong> doplněk stravy, není
určen pro děti, obsahuje sladidla. * <strong>Složení:</strong> Kreatin
monohydrát.</p>
<p>V levém horním rohu je nápis „Zlevněno“ a „výhodná cena“ s označením
slevy. Cena produktu je uvedena jako <strong>399,- Kč</strong>.</p>
<p>tělesném výkonu</p>
<p>500 g</p>
<p>100 g = 105,98</p>
<p>Obrázek zobrazuje zlevněný/výhodný produkt z hypermarketu. V levém
horním rohu je nápis “VYHODNĚ!”. Uprostřed je velkým červeným písmem
zobrazena cena <strong>54,90 Kč</strong>. V dolní části jsou opakující
se symboly “%” a pod nimi nápis “cena od”.</p>
<h2
id="toro-jídelní-toro-jídelní-kusové-nádobí-toro-jídelní-toro-jídelní">Toro
Jídelní Toro Jídelní kusové nádobí Toro Jídelní Toro Jídelní</h2>
<ul>
<li>motiv levandule levandule</li>
</ul>
<p>levandule levandule</p>
<ul>
<li>různé</li>
</ul>
<p>druhy</p>
<p>Na obrázku je vidět výhodná nabídka z hypermarketu. Konkrétně se
jedná o sadu kuchyňského nádobí s motivem motýlů. Sestává z jednoho
talíře, dvou solniček a pepřenek a magnetky na lednici.</p>
<p>Na magnetce je text “Letecká pošta”. Vypadá jako stylizovaná poštovní
známka s obrázky motýlů a nápisem.</p>
<p>Cena sady je 199,90 Kč.</p>
<p>Na obrázku je keramický hrnek s motivem fialových květin a hnědých
oříšků. Na hrnku je vidět cenovka s nápisem “99,90”. Produkt je tedy
zlevněný a prodává se v hypermarketu za 99,90 Kč.</p>
<p>Na obrázku je reklama na zlevněnou dámskou halenku červené barvy.</p>
<p><strong>Popis produktu:</strong></p>
<ul>
<li><strong>Typ:</strong> Halenka</li>
<li><strong>Barva:</strong> Červená</li>
<li><strong>Styl:</strong> Halenka má krátký, rozšířený střih, bez
rukávů.</li>
<li><strong>Značka:</strong> PREGO</li>
</ul>
<p><strong>Text v obrázku:</strong></p>
<ul>
<li><strong>“AKCE!”</strong> - upozorňuje na probíhající slevovou
akci.</li>
<li><strong>“499,90”</strong> - původní cena produktu.</li>
<li><strong>“399,90”</strong> - nová, snížená cena produktu.</li>
<li><strong>“-20%”</strong> - velikost slevy.</li>
<li><strong>“Halenka - dámská”</strong> - název a určení produktu.</li>
<li><strong>“PREGO”</strong> - logo značky.</li>
</ul>
<p>Obrázek informuje o cenové akci na dámskou halenku značky PREGO,
která je zlevněna o 20 % z původní ceny 499,90 Kč na novou cenu 399,90
Kč.</p>
<p>Neplatí pro hypermarket Praha-Štěrboholy.</p>
<h2 id="ještě-více-akcí-v-online-letáku-od-2.-4.-do-29.-4.-2025-2">JEŠTĚ
VÍCE AKCÍ V ONLINE LETÁKU od 2. 4. do 29. 4. 2025</h2>
<p>Obrázek ukazuje zlevněné plyšové rostliny značky “Take Me Home”. Jsou
dostupné v různých druzích a velikostech.</p>
<p><strong>Text na obrázku:</strong></p>
<ul>
<li><strong>AKCE!</strong> - upozorňuje na slevovou akci.</li>
<li><strong>-21%</strong> - velikost slevy.</li>
<li><strong>229,90</strong> - původní cena v Kč.</li>
<li><strong>179,90</strong> - nová cena v Kč po slevě.</li>
<li><strong>cena za kus</strong> - udává, že cena platí za jeden kus
plyšové rostliny.</li>
<li><strong>Take Me Home</strong> - název značky plyšových rostlin.</li>
<li><strong>Plyšové rostliny</strong> - popis produktu.</li>
<li><strong>- různé druhy a velikosti</strong> - informace o dostupnosti
různých variant produktu.</li>
<li><strong>0+</strong> - doporučené věkové určení.</li>
</ul>
<p>Obrázek ukazuje sadu dětských hraček do písku. Sestává z žlutého
kbelíku s potiskem maskotů (fotbalistů), modrého modelu velryby, růžové
lopatky, žluté hrábě a konvičky a zelené podložky. V levém horním rohu
je nápis “1,5+” označující věkové doporučení pro hračku. Cena produktu
není uvedena.</p>
<p>Obrázek zobrazuje reklamu na zlevněný produkt z hypermarketu. Původní
cena produktu byla 174,90 Kč, což je přeškrtnuté. Nová cena je 139,90
Kč. Vedle ceny je uveden nápis “AKCE!” a kruh s nápisem “-20%”, což
značí, že produkt je zlevněn o 20%.</p>
<h2 id="akrylové-barvy">Akrylové barvy</h2>
<h2 id="easy">Easy</h2>
<ul>
<li><ul>
<li>barvy jsou ředitelné vodou</li>
</ul></li>
<li><ul>
<li>zaschlá malba je trvale fixovaná - zaschlá malba je trvale fixovaná
- zaschlá malba je trvale fixovaná - zaschlá malba je trvale
fixovaná</li>
</ul></li>
<li><ul>
<li>vhodné k malování na kamínky 12 ks</li>
</ul></li>
</ul>
<p>1 ks = 11,66</p>
<p>Na obrázku je zlevněný set akrylových barev. Balení obsahuje 12 tub s
barvami v různých odstínech, jako jsou červená, žlutá, modrá, zelená a
bílá.</p>
<p>Na obalu je nápis “ACRYLIC PAINT” a logo výrobce. Cena je uvedena
jako “29,90”.</p>
<p>Kromě samotných barev jsou na obrázku i kamínky, které byly
pomalovány těmito barvami, a to v motivu sovy. Zřejmě se jedná o ukázku
toho, co se s barvami dá vytvořit.</p>
<p>Obrázek zobrazuje informační štítek propagující slevu na produkt.</p>
<p><strong>Popis:</strong></p>
<ul>
<li><strong>Text:</strong> Nahoře je nápis “AKCE!”. V kruhovém rámečku
je uvedena sleva “-33%”.</li>
<li><strong>Cena:</strong> Původní cena je přeškrtnutá a činí 599,90 Kč.
Nová, zlevněná cena je uvedena pod ní a činí 399,90 Kč.</li>
<li><strong>Vzhled:</strong> Štítek má červenou barvu s bílým písmem,
což má upoutat pozornost. Čísla jsou velká a výrazná, aby byla dobře
viditelná.</li>
<li><strong>Význam:</strong> Informace naznačuje, že daný produkt je v
akci a je možné jej zakoupit za sníženou cenu.</li>
</ul>
<h2 id="sendvičovač-s1">Sendvičovač S1</h2>
<ul>
<li><ul>
<li>antiadhézní keramická úprava</li>
</ul></li>
<li><ul>
<li>protiskluzové nožky</li>
</ul></li>
<li><ul>
<li>tepelně izolovaná rukojeť</li>
</ul></li>
<li><ul>
<li>úložný prostor na kabel</li>
</ul></li>
</ul>
<p>Na obrázku je zobrazen kontaktní gril/topinkovač Niceboy ion. Je v
tmavě šedé barvě. Na obrázku je vidět vnitřní plocha grilu s mřížkami
pro pečení. V levém horním rohu je nápis “Niceboy ion”. V levém dolním
rohu je text „rava“. V horní části obrázku je cena zboží, ale čitelnost
je omezená. Cena je pravděpodobně akční nebo zlevněná.</p>
<p>Na obrázku je vidět cedulka s označením akce na produkt v
hypermarketu.</p>
<p><strong>Text na cedulce:</strong></p>
<ul>
<li><strong>AKCE!</strong> - Zvýrazňuje, že se jedná o výhodnou
nabídku.</li>
<li><strong>189,90</strong> - Původní cena produktu přeškrtnutá, což
značí slevu.</li>
<li><strong>-21%</strong> - Označuje procento slevy.</li>
<li><strong>149,90</strong> - Nová, snížená cena produktu.</li>
</ul>
<p>Celkově tedy obrázek informuje o produktu, který je v akci a jeho
cena byla snížena o 21% z původních 189,90 Kč na 149,90 Kč.</p>
<h2 id="malíř-plus-142-kg">Malíř Plus 14+2 kg</h2>
<ul>
<li>vnitřní malířský nátěr, bílý - vydatnost 125–160 m 2 v jedné vrstvě
16 kg 1 kg = 9,37</li>
</ul>
<p>Na obrázku je balení barvy “Malíř Plus” o objemu 14 + 2 kg. Barva je
zlevněná/ve výprodeji. Původní cena je přeškrtnutá a nová cena je 125,10
Kč. Balení je v červených a bílých barvách a je na něm vyobrazen váleček
na malování. Na obalu je vidět text, který pravděpodobně popisuje
vlastnosti a použití barvy, ale detaily nejsou čitelné.</p>
<p>Obrázek zobrazuje reklamu na zlevněný produkt. Původní cena produktu
je 599,90 Kč, která je přeškrtnuta. Nová cena je 449,90 Kč. Kolem ceny
je nápis “AKCE!” a kruh s nápisem “-25%”, což značí, že je produkt
zlevněn o 25%.</p>
<p>Kalhoty</p>
<ul>
<li>dámské</li>
</ul>
<p>Obrázek zobrazuje logo značky PREGO. Jedná se o stylizované písmeno
“P” obklopené oválem. Pod logem je napsáno slovo “PREGO” velkými
písmeny. Z obrázku nelze určit žádný zlevněný/výhodný produkt nebo
cenu.</p>
<p>Na obrázku jsou tmavě modré široké kalhoty typu palazzo s vázáním v
pase. Mají jednoduchý střih a jsou pravděpodobně vyrobené z měkkého,
splývavého materiálu. Kalhoty mají postranní kapsy.</p>
<p>Na obrázku není žádný text s cenou.</p>
<p>Obrázek zobrazuje reklamu na zlevněný produkt.</p>
<p>Text na obrázku:</p>
<ul>
<li><strong>AKCE!</strong> - oznamuje, že se jedná o slevovou akci.</li>
<li><strong>229⁹⁰</strong> - původní cena produktu, přeškrtnutá, což
indikuje slevu.</li>
<li><strong>179⁹⁰</strong> - nová cena produktu po slevě.</li>
<li><strong>-21%</strong> - procentuální výše slevy.</li>
</ul>
<p>Z obrázku není zřejmé, o jaký produkt se jedná, pouze o to, že je
nyní levnější. Cena je uvedena v českých korunách (Kč).</p>
<h2 id="dětská-sada-na-písek-krtek">Dětská sada na písek Krtek</h2>
<ul>
<li><ul>
<li>balení obsahuje kyblík 3,5 l, sítko, 2 formičky, lopatku, hrábě,
konvičku</li>
</ul></li>
<li><ul>
<li>Vysavač mokro-suchý WD 5 za 3999,-</li>
</ul></li>
<li><ul>
<li>Vysavač mokro-suchý WD 6 P S za 4699,-</li>
</ul></li>
</ul>
<p>Na obrázku je reklama na zlevněný rotační mop Ergo s čisticím
prostředkem na podlahy značky Leifheit.</p>
<p><strong>Popis produktu:</strong></p>
<ul>
<li><strong>Rotační mop:</strong> Skládá se z tyče, otáčecí mycí hlavice
a kbelíku s odstředivým mechanismem. Mycí hlavice je bílá s modrým
lemem.</li>
<li><strong>Kbelík:</strong> Modrý plastový kbelík s držadlem.</li>
<li><strong>Čisticí prostředek:</strong> Modrá láhev s čisticím
prostředkem na podlahy.</li>
</ul>
<p><strong>Text na obrázku:</strong></p>
<ul>
<li><strong>„AKCE! -22%“</strong>: Označuje slevu na produkt.</li>
<li><strong>„999,- 769,90“</strong>: Původní cena (999 Kč) a nová,
zlevněná cena (769,90 Kč).</li>
<li><strong>„Rotační mop - mop Ergo + čisticí prostředek na
podlahy“</strong>: Popis produktu.</li>
<li><strong>„LEIFHEIT“</strong>: Značka produktu.</li>
</ul>
<p>Obrázek zachycuje zlevněný mokro-suchý vysavač značky Kärcher,
konkrétně model WD 4 V-20/5/22. Původní cena byla 3699 Kč, nyní je
zlevněn na 2799 Kč, což představuje slevu 24%.</p>
<p>K vysavači patří:</p>
<ul>
<li>skládaný filtr</li>
<li>5m kabel</li>
<li>2,2m sací hadice</li>
</ul>
<p>Na obrázku je také znázorněn vysavač samotný s příslušenstvím
(hubice, filtr).</p>
<p>Obrázek zobrazuje reklamu na zlevněný produkt v hypermarketu.</p>
<ul>
<li><strong>Původní cena:</strong> 99,90 Kč (vyškrtnuta)</li>
<li><strong>Nová cena:</strong> 49,90 Kč</li>
<li><strong>Sleva:</strong> 50 %</li>
</ul>
<p>Reklama má červenou barvu a nápis “AKCE!” zdůrazňuje výhodnou
nabídku.</p>
<h2 id="rohožka-heat">Rohožka Heat</h2>
<ul>
<li><ul>
<li>rozměr 40 x 60 cm,</li>
</ul></li>
<li><ul>
<li>materiál polyester +</li>
</ul></li>
</ul>
<p>recyklované PVC</p>
<ul>
<li><ul>
<li>různé barvy</li>
</ul></li>
</ul>
<p>Na obrázku je vidět dlažba nebo obklad s tmavě zeleným odstínem a
vzorem, který připomíná propletené proužky. Cena produktu je
<strong>999,90 Kč</strong>. Jedná se pravděpodobně o výhodnou nabídku v
hypermarketu.</p>
<p>Na obrázku je rohožka do bytu. Má tmavě šedou barvu a vzor tvořený
křížovými pruhy. V levém horním rohu je červený štítek s nápisem
“Zlevněno”. Pod štítkem je cena produktu: <strong>199,90
Kč</strong>.</p>
<p>Na obrázku je reklama na zlevněné produkty z hypermarketu. Konkrétně
se jedná o <strong>prosteradla a povlečení z mikroplyše</strong>. Na
obrázku je vidět srolovaná a sytě zelená ložní souprava na pohovce a
detailní záběr na strukturu mikroplyše.</p>
<p><strong>Text na obrázku:</strong></p>
<ul>
<li><strong>AKCE!</strong> – Velký nápis upozorňující na probíhající
akci.</li>
<li><strong>NA PROSTERADLA A POVLEČENÍ Z MIKROPLYŠE</strong> – Popis
zlevněného zboží.</li>
<li><strong>-45%</strong> – Označuje výši slevy na zlevněné
produkty.</li>
</ul>
</body>
</html>
