Ceskó potravina

Dobře, analyzuji obrázek.

Obrázek je leták hypermarketu Globus Brno s nabídkou zlevněných produktů. Obsahuje širokou škálu zboží od masných výrobků, mléčných výrobků, pečiva, nápojů, drogerie až po prací prášky.

**Zlevněné/Výhodné produkty:**

*   **Špekáčky Globus:** Původní cena 13,90 Kč, nyní 9,90 Kč.
*   **Mléko trvanlivé:** Původní cena 21,90 Kč, zlevněno o 45 % na 11,90 Kč.
*   **Croissant:** Původní cena 29,90 Kč, zlevněno o 26 % na 21,90 Kč.
*   **Pilsner Urquell:** 0,5l láhev, 25,90 Kč (bez uvedení původní ceny).
*   **Rajčata cherry:** 39,90 Kč/kg (bez uvedení původní ceny).
*   **Persil:** 4,399 Kč/ks (balení 10 dávek). Zlevněno o 38 %.
*   **Král šunek:** 149,90 Kč/kg (bez uvedení původní ceny).
*   **Zeměbaba:** 139,90 Kč/kg (bez uvedení původní ceny).
*   **Olej slunečnicový Globus:** 49,90 Kč/1l (bez uvedení původní ceny).
*   **Papírové utěrky:** 79,90 Kč/2vrstvý balíček (bez uvedení původní ceny).
*   **Toaletní papír:** 114,90 Kč/8 rolí (bez uvedení původní ceny).

**Text na letáku:**

*   **Globus Brno:** Označení hypermarketu a města.
*   **Sběrejte věrnostní body:** Informace o věrnostním programu.
*   **Týdny skvělých cen:** Hlavní slogan propagační akce.
*   **Platnost:** Akce platí od 23.4. do 29.4. 2023.
*   **Informace o cenách:** U některých produktů je uvedena původní cena s přeškrtnutím a nová zlevněná cena.
*   **Odměna věrnostním programem:** Možnost získat slevu až 60 % za věrnostní body.

Je to typický reklamní leták hypermarketu s nabídkou zlevněných produktů a informacemi o věrnostním programu.

y bIDDUSU

Obrázek zobrazuje grafiku ve stylu vývěsní tabule z hypermarketu, která naznačuje zlevněný nebo výhodný produkt.

Dominantním prvkem je bílý obrys prasátka (pokladničky) umístěný na bílém štítu. Nad prasátkem je nakreslen bílý kruh, který symbolizuje minci. Celé je to na červeném pozadí.

Cena produktu je 6,00 Kč. Číslo "6" je zobrazeno v běžné velikosti, zatímco desetinná místa "00" jsou napsána menším fontem, což je běžný způsob značení cen v České republice.

Obrázek tedy představuje nabídku produktu za cenu 6,00 Kč.

Na obrázku je balení polotučného mléka "Váš výběr" o objemu 1 litr. Produkt je v akci, původní cena byla 23,90 Kč a nyní je zlevněný na 18,90 Kč. Zlevnění činí 20 %. Pod cenou je nápis "Nové v Globusu".

Na obrázku je vidět zlevněný produkt s nápisem "AKCE!". Původní cena je vyškrtnutá a činila 29,90 Kč. Nová, zlevněná cena je 20,90 Kč. Uvádí se sleva 30%.

150 a

Jeden Tag

Bageta k dopečení

2 druhy

175 g

100 g = 11,94

100 q = 1527

Na obrázku je obal bagety značky „Bakery Trady“. Na obalu je vyobrazen řezaná bageta posypaná zelení. V horní části je nápis „Bakery Trady“ v rukopisném stylu. Pod tím je nápis „Bagutte“, pod tím je text v menším fontu. V pravém horním rohu je zelený štítek s textem „Slevo“. Cena není vidět.

-

2890

23

## Jeden Tag Mozzarella Minis

17%

125 g

100 g = 19,12

90

Obrázek zobrazuje dva kelímky s mozzarellou Minis od výrobce Jeden Tag. Kelímky jsou červeno-bílé s modrým pruhem. Na přední straně je nápis "Jeden Tag", pod ním "Mozzarella Minis". Níže je uvedena hmotnost 125 g. V modrém pruhu je uvedeno "41,5% Fett i.Tr.", což znamená obsah tuku v produktu. Na obrázku je zobrazeno složení produktu s rajčaty, bazalkou a olivami. Jedná se o zlevněný/výhodný produkt z hypermarketu. Cena není uvedena.

100 g = 2995

Na obrázku je balení špekáčků "Váš výběr" o hmotnosti 600 gramů. Původní cena je 89,90 Kč, nyní je produkt ve slevě 22 % a cena je 69,90 Kč.  Uvedeno je, že špekáčky obsahují 85 % masa. Cena za 100 gramů je 11,65 Kč. V levém dolním rohu je zelený štítek "NOVĚ v Globusu".

Na obrázku je balení vafle z vajec značky My Price o hmotnosti 250 g. Původní cena byla 36,90 Kč, nyní je produkt ve slevě -10 % a cena je 32,90 Kč. Cena za 100 g je 13,16 Kč.

ug

100 g = 19,95

Na obrázku je zlevněná smetana ke šlehání značky "Váš výběr".

**Popis produktu:**

*   **Název:** Čerstvá smetana ke šlehání
*   **Značka:** Váš výběr
*   **Obsah:** 250 ml
*   **Obsah tuku:** 33 %
*   **Cena:** Původní cena 38,90 Kč, snížena o 30 % na 26,90 Kč.
*   **Cena za 100 ml:** 10,76 Kč.
*   **Označení:** "Nové v Globusu"

Na obrázku je vyobrazen bílý karton se smetanou a červeně zvýrazněná informace o slevě. V rohu je vlajka České republiky.

Obrázek zobrazuje balíček zlevněných tavených plátků sýra "Jeden Tag". 

**Popis produktu:**

*   **Název:** Jeden Tag, Tavené plátky, Toast, Cheddar
*   **Hmotnost:** 250 g
*   **Původní cena:** 49,90 Kč
*   **Zlevněná cena:** 37,90 Kč
*   **Sleva:** 24 %
*   **Cena za 100 g:** 15,16 Kč

**Text na obalu:**
Na obalu je napsáno "Schmelzkäsescheiben" - německy "tavené plátky sýra". Dále je uvedeno "35% Fett i.Tr." což znamená obsah tuku a "10 Scheiben, einzeln verpackt" - 10 plátků, jednotlivě baleno.

Na obrázku je zlevněný produkt. Původní cena je 34,90 Kč, která je přeškrtnutá. Nová cena je 23,90 Kč. Sleva činí 31 %. Text "AKCE!" upozorňuje na výhodnou nabídku.

VÁŠ VÝBĚR

Sýrové nitě

uzené, neuzené

100 g

Obrázek zobrazuje balení sýrových nití. Na přední straně je oranžové pole s nápisem "SYROVÉ NITĚ NEUZENÉ". Pod ním je fotografie sýrových nití. V pravém horním rohu jsou loga několika zemí (Švédsko, Norsko, Dánsko, Finsko, Česká republika). Na spodní části obalu je uvedeno složení, výživové hodnoty a další informace o výrobku. Cena není na obrázku viditelná.

Na obrázku je balení uzeného syrového nitkového sýru. Na horní části balení je nápis "SYROVÉ NITÉ UZENÉ" zlatými písmeny na červeném pozadí. Pod tím je vyobrazen samotný sýr - dlouhé, tenké nitky. Na pravé straně jsou tři vlajky - francouzská, italská a česká, což naznačuje původ nebo inspiraci recepturou. Na spodní části je množství sýru – 150 g. Níže jsou uvedeny nutriční hodnoty, složení a informace o výrobci a uchovávání. Cena není na obrázku vidět.

Obrázek zobrazuje cenovku s informací o slevě na nějaký produkt. Původní cena produktu je 23,90 Kč, která je přeškrtnutá. Nová, snížená cena je 19,90 Kč. Výše slevy je 16 %. Cenovka je barevně řešena v červené a bílé barvě, což má upoutat pozornost zákazníka. Text „AKCE!“ signalizuje výhodnou nabídku.

VÁŠ VÝBĚR

Paštika různé druhy

150 g

100 g = 13,27

Obrázek zachycuje kelímek s paštikou s brusinkami. 

**Popis produktu:**

*   **Název:** Paštika s brusinkami
*   **Hmotnost:** 150g
*   **Výrobce/Značka:** "Váš výběr" - je to značka hypermarketu Albert.
*   **Doplněk:** Na obalu je uvedeno "Super akce" a je podtrženo, což naznačuje zlevněnou cenu.

**Text na obalu:**

*   "Váš výběr" - značka produktu.
*   "Paštika s brusinkami" - název produktu.
*   "150g" - hmotnost produktu.
*   "Super akce" – informace o zlevněné ceně.

Obrázek zachycuje zlevněnou zmrzlinu značky Jeden Tag. Jedná se o balení o objemu 2,5 litru, dostupné v různých příchutích. 

**Textový popis:**

*   **"AKCE!"**: Označuje, že se jedná o akční nabídku.
*   **"109,90"**: Původní cena produktu.
*   **"89,90"**: Nová, zlevněná cena produktu.
*   **"-18%"**: Velikost slevy.
*   **"Jeden Tag Zmrzlina"**: Název a typ produktu.
*   **"různé druhy"**: Zmrzlina je dostupná v různých příchutích.
*   **"2,5 l"**: Objem zmrzliny.
*   **"1 l = 35,96"**: Cena za 1 litr zmrzliny.
*   **"Bourbon Vanilleeis"**: Název konkrétní příchutě (Bourbon vanilková zmrzlina).

Obrázek zachycuje reklamní cedulku s informací o slevě na produkt. 

*   **Původní cena:** 16,90 Kč (zobrazeno přeškrtnuté).
*   **Nová cena:** 13,90 Kč (zobrazeno výrazně).
*   **Sleva:** 17 % (zobrazeno v kruhovém rámečku).
*   **Text:** "AKCE!" – nápis signalizuje, že se jedná o dočasnou nabídku.

## VÁŠ VÝBĚR Kefírové mléko

jahodové, meruňkové

450 ml

100 ml = 3,09

Kefírové mléko nízkotučné 500 g za 12,90

-

5290

Obrázek zobrazuje balení kefírového mléka značky VITA s příchutí jahod. Balení má hmotnost 450g. Na přední straně balení je červený pruh a obrázek jahod.  V levém horním rohu je štítek s nápisem "Česká potravina". V dolní části je vidět vlajka České republiky a logo "made in Czech republic".

Jeden Tag

Tvarůžky různé druhy

39

200 g

100 g = 19,95

90

Na obrázku je balení sýra Harzer Roller. Balení má červenou barvu s bílým pruhem, kde je napsáno "Harzer Roller". V levém horním rohu je nápis "Jeden Tag" (jeden den), což pravděpodobně značí datum spotřeby nebo čerstvost. Vpravo nahoře je nápis "Classic". V zeleném štítku je nápis "Grüne Schickeria" (Zelená šikana) a šipka směřující dolů, což naznačuje slevu. Na pravé straně je uvedena hmotnost 200 g a symbol recyklace.

Cena na obrázku není uvedena, takže ji nemohu určit.

Na obrázku je balíček zlevněné dušené šunky "Váš výběr" o hmotnosti 100 g.

Text na obrázku:

*   **AKCE!** - Označuje, že se jedná o akční zboží.
*   **-30%** - Označuje výši slevy, což je 30 %.
*   **22,90** - Původní cena produktu.
*   **15,90** - Cena po slevě.
*   **Váš výběr** - Název značky.
*   **Šunka dušená výběrová** - Název produktu.
*   **Veplová kýta 85 %** - Složení šunky (obsah vepřového masa).
*   **100g** - Hmotnost šunky.

Produkt je balen v průhledném obalu, takže je vidět maso uvnitř.

Na obrázku je zlevněný výrobek, konkrétně „Váš výběr - Vysokočina“. Jedná se o masný výrobek, zřejmě polský salám, balený do průhledné fólie.

**Popis:**

*   **Výrobek:** Polský salám „Vysokočina“
*   **Množství:** 100 g
*   **Původní cena:** 23,90 Kč
*   **Sleva:** 29 %
*   **Nová cena:** 16,90 Kč
*   **Označení:** „Váš výběr“ (logo a text)

Na obalu je uveden text "Pro 100g výrobku bylo použito 150g masa".

-

7690

22%

59

90

VÁŠ VÝBĚR Kešu ořechy jádra nepražená 200 g 100 g = 29,95

Na obrázku je obal na kešu ořechy. Jsou to nepražené jádra kešu. Obal je modrý s nápisem "KEŠU OŘECHY JÁDRA NEPRAŽENÁ" bílým písmem. V levém horním rohu je logo "Váš výběr". V dolní části obalu je uvedena hmotnost 200 g. Cena není na obrázku viditelná.

24%

Obrázek zobrazuje výhodný/zlevněný produkt označený červeným štítkem. Na štítku je bílá ilustrace prasátka s mincí nahoře.  Štítek signalizuje, že produkt je nabízen za sníženou cenu a uspořené peníze lze vnímat jako uložení do prasátka. Cena není uvedena.

36

90

VÁŠ VÝBĚR

Kečup jemný, ostrý

1 kg

VAS VYBER

Na obrázku je plastová láhev s kečupem. Na etiketě je napsáno "XXL" a pod tím logo "VAS Vyber". Dále je na etiketě napsáno "Kečup jemný" a pod tím je vyobrazeno několik rajčat. Na spodní straně etikety je uvedena hmotnost "1000g". Jedná se o výhodné balení kečupu, které je pravděpodobně v akci. Cena produktu není uvedena.

Obrázek zobrazuje balíček piškotů značky Váš výběr o hmotnosti 240 g. 

**Text na obrázku:**

*   **Váš výběr:** Značka produktu.
*   **Piškoty:** Název produktu.
*   **240 g:** Hmotnost produktu.
*   **100 g - 8,71:** Cena za 100 g.
*   **AKCE! -22%:** Označuje slevu ve výši 22 %.
*   **26,90** Původní cena
*   **20,90** Sleva cena
*   **NOVÉ v Globusu:** Reklamní text.

Obrázek zachycuje propagační cenu produktu v hypermarketu. Původní cena je přeškrtnutá a činila 51,90 Kč. Nyní je produkt nabízen za 39,90 Kč, což představuje slevu 23 %. Text „AKCE!“ upozorňuje na výhodnou nabídku.

Jeden Tag Tortilla Chips různé druhy 300 g 100 g = 13,30

Na obrázku je balení tortilla chips "Jeden Tag" ve výrazné červené barvě. Balení obsahuje obrázek chipsů a malé misky s omáčkou. 

Text na obalu:

*   **Tortilla Chips:** Název produktu.
*   **Jeden Tag:** Značka produktu.
*   **19,92 Kč:** Cena produktu, kde "92" je zapsáno menším fontem.
*   **300g:** Hmotnost produktu.

Obrázek zachycuje cenovku zlevněného produktu. Původní cena je 14,90 Kč, která je přeškrtnutá. Nová cena je 10,90 Kč. Slevu indikuje červený kruh s nápisem "-26%". Nahoře je nápis "AKCE!".

My Price

Vatové tyčinky

160 ks

1 ks = 0,07

Obrázek zobrazuje balení vatových tyčinek značky "My Price". Balení je bílé s červeným pruhem a nápisem "My Price" v červeném a bílém písmu. Pod tím je nápis "Cotton buds" a pod ním přeloženo do několika jazyků: "Vatové tyčinky", "Cotons-tiges", "Wattenstaafjes". Cena není na obrázku vidět.

Obrázek zobrazuje cenovku z hypermarketu s informací o slevě.

*   **Text:** "AKCE!", "-10%"
*   **Původní cena:** 19,90 Kč (vyznačená přeškrtnutím)
*   **Snížená cena:** 17,90 Kč (větším a výraznějším písmem)

Z obrázku vyplývá, že se jedná o produkt, na který je poskytována sleva 10 %, čímž se snížila cena z 19,90 Kč na 17,90 Kč.

La Ligne Sprchový gel různé druhy 300 ml 100 ml = 5,97

Na obrázku je láhev sprchového gelu Wellness od značky Isana. Láhev je červené barvy a zobrazuje grapefruit.

Na štítku je napsáno:

*   **Isana** - značka produktu
*   **WELLNESS** - označení řady
*   **DUSCHGEL** - německé slovo pro sprchový gel
*   **Granatapfel** - německé slovo pro granátové jablko
*   Pod textem je ještě nápis, který je však nečitelný, pravděpodobně se jedná o popis vůně nebo složení.

Produkt je pravděpodobně nabízen v hypermarketu, jako je Kaufland (který je spojen se značkou Isana). Cena není na obrázku uvedena.

12 90

## VÁŠ VÝBĚR Těstoviny

z měkké pšenice, různé druhy

500 g

100 g = 2,58

10 90

VÁŠ VÝBĚR

Hořčice plnotučná

400 g

100 g = 2,73

Na obrázku je balení těstovin Kolínka o hmotnosti 500 gramů. Balení je červené s zeleným pruhem. V zeleném pruhu je bílým písmem napsáno "Kolínka". V horní části obalu je logo "Váš výběr". V dolní části je uvedena hmotnost "500g e". Celkově se jedná o produkt nabízený v hypermarketu, pravděpodobně za zvýhodněnou cenu, což naznačuje logo "Váš výběr".

Na obrázku je nádoba s hořčicí značky „Váš výběr“. Balení má červenou etiketu se žlutým podkladem. Na etiketě je napsáno:

*   **Váš výběr** - označení značky.
*   **Hořčice plnotučná** - typ produktu.
*   **400 g** - množství produktu.
*   **100 g = 15,3 Kč** - cena za 100 gramů hořčice.

Produkt je pravděpodobně nabízen v hypermarketu jako výhodné balení.

Na obrázku je reklama na zlevněný produkt. Původní cena produktu byla 44,90 Kč, nyní je zlevněna na 39,90 Kč. Sleva činí 11%.

Jeden Tag Kulaté oplatky mléčná čokoláda 144 g 100 g = 27,71

Obrázek zachycuje balení sušenek Choco Wafer od výrobce Jeden Tag. Balení je červené a obsahuje motiv rozteklé čokolády. Na přední straně je vyobrazeno několik sušenek Choco Wafer. 

Text na obalu:

*   **Jeden Tag** - Název výrobce/značky.
*   **Choco Wafer** - Název produktu.
*   **6x** - Označuje počet kusů v balení.
*   **144g e** - Váha produktu v gramech.
*   **e** - Indikátor nominálního množství.
*   **144g e x 24g e** - Celková hmotnost balení a váha jedné sušenky.

Produkt je zlevněný/výhodný, pravděpodobně se jedná o balení, které obsahuje více kusů za zvýhodněnou cenu.

Obrázek zachycuje reklamní štítek s výraznou cenovkou.

**Popis:** Štítek je bílý s červeným rámem a nápisem "VYHODNĚ!" nahoře. Pod tím je velkým červeným písmem uvedena cena "19⁹⁰".  Menší font u čísla 90 naznačuje desetinná místa.  Na spodním okraji štítku je řada symbolů procent (%) - pravděpodobně označující procentuální slevu.

**Význam:**  Štítek má za cíl upoutat pozornost zákazníků a signalizovat výhodnou cenu produktu. Cena 19,90 Kč naznačuje, že se jedná o akční nabídku.

VÁŠ VÝBĚR

Papírové kapesníky

4vrstvé 10x 10 ks

1 ks = 0,20

Obrázek zobrazuje balení papírových kapesníků značky "Vas", které jsou označeny jako "4vrstvé". Kapesníky mají na obalu motiv květin a sněhových vloček. 

Na obalu jsou vidět dva štítky s informacemi:

*   **Štítek "4vrstvé"** upozorňuje na kvalitu a tloušťku kapesníků.
*   **Štítek s nápisem "009"** a logem, které připomíná slevový kupon nebo cenu. Zdá se, že se jedná o nějakou akci nebo slevu, ale konkrétní hodnota ceny není čitelná.

Obrázek zobrazuje informační štítek s akční cenou produktu v hypermarketu.

Původní cena produktu byla 57,90 Kč, což je přeškrtnuté. Nová akční cena je 39,90 Kč. 

Vedle ceny je červeně zvýrazněné označení slevy -31%. Slovo "AKCE!" je napsáno v horní části štítku.

OHO

Letní směs do ostřikovačů

- PET

- s vůní

- obsahuje povrchově aktivní látky, které zaručují snadné odstranění nečistot 5 l

1 l = 7,98

Na obrázku je plastová lahev s žlutou tekutinou, pravděpodobně s leštidlem do auta. Lahev má modrý štítek s nápisem "Lestišměs do ostřikovačů". 

Na štítku je dále napsáno:
*   "Koncentrát do ostřikovačů"
*   "Vysoce účinné složení pro perfektní čistotu"
*   Dále se tam vyskytuje seznam složek a varovné symboly.
*   Cena produktu je 51 Kč.

Jeden Tag Ovesné vločky jemné, hrubé 500 g 100 g = 2,98

Obrázek zobrazuje zlevněný/výhodný produkt z hypermarketu. 

**Popis:**

*   **Design:** Jedná se o červenou cedulku s bílým vnitřkem.
*   **Text:** Na cedulce je nápis "VYHODNĚ!". Pod ním je velkým červeným písmem napsána cena "14⁹⁰". Malým písmem je napsáno "⁹⁰" což značí haléře. Celková cena tedy činí 14,90 Kč.

Celkově se jedná o reklamu, která má upozornit na výhodnou cenu produktu.

26 90

## VÁŠ VÝBĚR Okurky

ve sladkokyselém nálevu,

6-9 cm

670 g, p. p. 360 g

100 g = 7,47

Obrázek ukazuje cenovku s nápisem "VYHODNĚ!". Cena je zobrazena červeným písmem a činí 28,90 Kč. Zřejmě se jedná o akční cenu nějakého produktu v hypermarketu.

Konzerva pro psy různé druhy 1240 g 100 g = 2,33

Obrázek ukazuje balíček ovesných vloček "Jeden Tag" o hmotnosti 500 gramů. Balení je červené s modrým pruhem. Na přední straně je vyobrazen miska s ovesnými vločkami a mlékem. 

**Text na obalu:**

*   **Jeden Tag:** Název značky.
*   **Haferflocken:** Německý výraz pro ovesné vločky.
*   **500 g e:** Hmotnost produktu (500 gramů) a údaj "e" značí, že se jedná o evropskou jednotku měření.

Cena není na obrázku zřejmá, ale modrý štítek naznačuje zlevněný/výhodný produkt.

Na obrázku je sklenice nakládaných okurek ve slaném nálevu.

Na štítku je napsáno:

*   **VAS Vyber** – značka produktu.
*   **OKURKY** – název produktu.
*   **VE SLANÉM NÁLEVU** – druh okurek.
*   **570 g** – hmotnost okurek ve sklenici.
*   **6-9 cm** - délka okurek.

Na štítku je také text v menším fontu, pravděpodobně složení a nutriční hodnoty.

Na obrázku je plechovka s krmivem pro psy. 

**Popis produktu:**

*   **Název:** Kousky s kuřecím v omáčce
*   **Hmotnost:** 1240g
*   **Výhoda/Zlevněno:** Na plechovce je viditelný štítek "Dvojité balení, větší úspora".
*   **Obrázek:** Na plechovce je obrázek psa, pravděpodobně rotvajlera.
*   **Značka/Kvalita:** Na plechovce je grafika s tlapkami a text "Vysoce kvalitní krmivo pro vašeho psa".
*   **Cena:** Cena není viditelná, ale jde o zlevněný/výhodný balíček.

Obrázek zachycuje balení toaletního papíru značky "Váš výběr". Balení obsahuje 8 rolí 4vrstvého papíru.

**Text na obrázku:**

*   **"VÝHODNĚ!"** - upozornění na výhodnou cenu.
*   **"59,90"** - cena celého balení v českých korunách (Kč).
*   **"Váš výběr"** - název produktu/značky.
*   **"Toaletní papír"** - druh produktu.
*   **"4vrstvý"** - udává počet vrstev toaletního papíru.
*   **"8 rolí"** - množství rolí v balení.
*   **"1 role = 7,49"** - cena jedné role.

Balení má růžový design s bílými květinovými motivy. Celkově jde o reklamní snímek produktu nabízeného ve zlevněné akci.

169 90

OHO

Povlečení

- rozměr: 70 x 90

+ 140 x 200 cm

- různé dezény

Obrázek zobrazuje logo hypermarketu OBI s barevným pozadím. Logo je žluté a nese bílý text "OBI". Pozadí tvoří abstraktní skvrny v různých barvách - zelené, růžové, modré a fialové. Obrázek pravděpodobně slouží jako vizuální prvek pro propagaci slev nebo výhodných nabídek v obchodě OBI.

Na obrázku je vyobrazen povlečení s motivem listí. Povlečení má světle šedou barvu s tmavě šedými listy. Na posteli je rozložené povlečení a na pozadí je vidět pokoj s rostlinami a vázou.

Na obrázku je také text, který hlásí:
**"SLEVA 30%"**
**"299,90 Kč"**

Jedná se tedy o povlečení ve slevě za cenu 299,90 Kč.

Obrázek zobrazuje logo hypermarketu Globus. Slovo "Globus" je napsáno výrazným oranžovým písmem s bílým obrysem a je obklopeno zeleným oválným rámem s globusem uvnitř. Z loga se dá usoudit, že jde o reklamu nebo označení zboží v prodeji v síti hypermarketů Globus. Z obrázku nelze zjistit konkrétní zlevněný produkt ani jeho cenu.

Na obrázku je zlevněný produkt. Původní cena byla 63,90 Kč, nyní je zlevněna na 52,90 Kč. Zlevnění činí 17 %. Text "AKCE!" upozorňuje na výhodnou nabídku.

Globus Camembert 45 % t. v s. 250 g 100 g = 21,16

Na obrázku je kruhová krabička se sýrem Camembert. Krabička je modrá s bílým podkladem, na kterém je nápis "Camembert" elegantním písmem. Pod nápisem je uvedeno "45% Fett i.Tr.", což znamená obsah tuku 45%. V levém dolním rohu je logo s třemi barvami (zelená, bílá, červená) a nápisem "Produit de France". Uprostřed krabičky je ilustrace ženy v tradičním oblečení, která strouhá sýr. Po obvodu krabičky je opakovaně nápis "Produit en France", což znamená "Vyrobeno ve Francii". Na horním okraji krabičky je malý štítek s logem a nápisem. Celkově se jedná o sýr Camembert, pocházející z Francie, označený jako výhodný/zlevněný produkt (pravděpodobně v hypermarketu). Cena na obrázku není uvedena.

Obrázek zobrazuje cenovku s akcí na produkt v hypermarketu. Původní cena produktu byla 69,90 Kč, která je přeškrtnutá. Nová, zlevněná cena je 49,90 Kč. V kruhu je uvedena sleva -28%. Celkový dojem je, že se jedná o propagační štítek upozorňující na zlevněný produkt.

Globus

Džem různé druhy

340 g

100 g = 14,68

Na obrázku je sklenice s jahodovou marmeládou nebo džemem.

Text na štítku zní: **Konfitüre ERDBEERE** (německy, znamená "Marmeláda Jahody"). Pod tím je nápis **30% FRUCHT** (30% ovoce).

Bohužel obrázek neobsahuje žádnou informaci o ceně v Kč.

Obrázek zachycuje cenovku zlevněného produktu. Původní cena je 39,90 Kč, která je přeškrtnutá. Nová cena je 32,90 Kč. Sleva činí 17 %.

Globus Piškoty cukrářské 200 g 100 g = 16,45

Na obrázku je balení sušenek Loeffel Biscuits. Balení je modrozelené s oranžovými sušenkami na jedné straně a s portrétem muže v rámečku na straně druhé. Na popředku jsou tři sušenky a uprostřed je malý obrázek dvou ptáků.

Na balení je nápis „Loeffel Biscuits“ s poznámkou „ochutnaten red“ (pravděpodobně ochucené). Cena není viditelná.

Obrázek zobrazuje propagační štítek z hypermarketu, který informuje o slevě na produkt.

**Popis:**

*   Štítek má světlé pozadí a je ohraničen červenou linkou.
*   V horní části štítku je napsáno velké červené písmo slovo **AKCE!**
*   Vpravo nahoře je kulatý štítek s nápisem **-29%** v červeném písmu na bílém pozadí, což znamená, že produkt je zlevněn o 29 %.
*   Původní cena produktu je **84,90 Kč**, která je přeškrtnutá.
*   Nová, zlevněná cena je **59,90 Kč** a je napsána velkým červeným písmem.

Obrázek slouží k informování zákazníků o slevové akci a motivuje je k nákupu.

Globus

Mléčná

zmrzlina různé druhy

500 ml

100 ml = 11,98

Na obrázku je kelímek zmrzliny "Bourbon Vanille" od firmy EFS. Kelímek je růžové barvy s ilustracemi vanilkových lusků a s nápisy. 

Hlavní nápis: **"Bourbon Vanille"** je napsán velkým, výrazným fontem.
Menší nápis: **"Himbeersymphonie"** (malinová symfonie) je umístěn nad názvem zmrzliny.
Spodní text (méně viditelný): obsahuje informace o výrobci a pravděpodobně složení a výživové hodnoty.

Produkt se jeví jako akční/zlevněný, což naznačuje umístění v hypermarketu. Bohužel, cena není na obrázku uvedena.

Na obrázku je reklama na zlevněné psí pamlsky značky Globus. 

**Text na obrázku:**

*   **AKCE!** - obecné upozornění na slevovou akci.
*   **NA POUCHOUTKY PRO PSY ZNAČKY GLOBUS** - specifikace produktu, na který se akce vztahuje.
*   **PŘÍKLAD CENY** - upozornění, že uvedené ceny jsou pouze příklad.
*   **29,90** - původní cena.
*   **21,90** - zlevněná cena.
*   **-26%** - výše slevy.
*   Na obalu pamlsků je napsáno **Hunde-kaustreifen** a **mit Rind** (německy), což znamená "hovězí proužky".
*   Uvedena je i hmotnost 200g.

Produkt je zlevněn o 26 % z původní ceny 29,90 Kč na 21,90 Kč. Jedná se o balení psích pamlsků s hovězím masem o hmotnosti 200g.

## NAŠE VLASTNÍ ZNAČKY

Obrázek zobrazuje reklamu na zlevněný produkt v hypermarketu. Původní cena produktu byla 139,90 Kč, nyní je zlevněn o 28 % a nová cena je 99,90 Kč. Reklama je provedena v červené a bílé barvě s nápisem "AKCE!".

Globus FRESH ‚N' GO různé druhy 400 g 100 g = 24,98

Obrázek ukazuje hotové jídlo s masovými karbanátky, šťouchanými bramborami, mrkví a hráškem. Jídlo je servírováno na černém talíři a poleváno omáčkou.

Na obrázku není žádný text, který bych mohl vysvětlit.

Na obrázku je obal hotového jídla "Fresh N'Go Schweine-Medaillons". Jde o vepřové medailonky v pepřové omáčce s hráškem, mrkví a bramborovou kaší. Na obalu je nápis "TO HEAT" (zahřát) a symbol indikující, že jídlo stačí zahřát. Uvedena je také cena 129,90 Kč.

v nabídce také další druhy za 119,90

Obrázek zobrazuje zlevněný produkt – uzeného divokého lososa Sockeye od výrobce Globus.

*   **Produkt:** Uzený losos Sockeye
*   **Značka:** Globus
*   **Hmotnost:** 100 g
*   **Původní cena:** 104,90 Kč
*   **Sleva:** 14 %
*   **Nová cena:** 89,90 Kč

Na obalu je vidět kus uzeného lososa. Text na obalu je převážně německý "SOCKEYE WILDLACHS - KALT GERÄUCHERT" což znamená "Divoký losos Sockeye - studeně uzený".

Obrázek zobrazuje cenu zlevněného produktu. Původní cena je 59,90 Kč, která je přeškrtnutá. Nová cena je 49,90 Kč. Sleva činí 16%. Text „AKCE!“ signalizuje, že se jedná o výhodnou nabídku.

Globus

Třešně

ve sladkém nálevu 680 g, p. p. 350 g 100 g = 14,26

Na obrázku je sklenice s třešněmi. Na štítku je napsáno "SÜSS KIRSCHEN", což znamená sladké třešně. Pod tím je text v menším fontu, který pravděpodobně popisuje druh třešní nebo jejich původ. Je to produkt nabízený v hypermarketu, zřejmě v akci nebo s výhodnou cenou. Na štítku je také zelené logo, které značí kvalitu nebo původ produktu.

Na obrázku je zlevněný produkt. Původní cena produktu byla 44,90 Kč. Po slevě 26 % je nová cena 32,90 Kč. Nápis „AKCE!“ má upozornit na výhodnou nabídku.

Globus Tortilla pšeničná 360 g 100 g = 9,14

-

Obrázek ukazuje balení šesti pšeničných tortill "Wrap" značky Globus. Balení je oranžové s barevnými trojúhelníky. Na přední straně je nápis "6 Tortilla Wrap Weizen" (6 pšeničných tortill). Pod tím je nápis "Mit Sonnenblumenöl" (S obsahem slunečnicového oleje). Dole je nápis "Nur Ofen & Grill" (Jen do trouby a na gril). V pravém dolním rohu je logo "Vegan". V levém horním rohu je nápis o slevě. Cena není uvedena.

17%

## Globus Argentinské krevety červené

360 g

19990

165

100 g = 46,08

90

Na obrázku je balení mražených krevet "Argentinische Rotgarnelen" od výrobce Globus. Jde o krevety určené k přípravě na pánvi nebo na grilu. 

**Text na obalu:**

*   **Argentinische Rotgarnelen:** Argentinské červené krevety.
*   **Für Pfanne oder Grill:** Pro pánev nebo gril.
*   **1000g:** Hmotnost produktu je 1 kilogram.
*   **Easy Peel:** Značka signalizuje snadné loupání krevet.
*   **399,90:** Cena produktu je 399,90 Kč.
*   Další text obsahuje popis produktu a informace o výrobci.

Krevety jsou na obrázku prezentovány na talíři s zelenou omáčkou a připravené k podávání.

Na obrázku je zlevněný balíček rýže značky Globus, konkrétně Himalaya Basmati Reis. Původní cena byla 54,90 Kč, nyní je rýže v akci a stojí 40,90 Kč. Sleva činí 25 %.

Obrázek zobrazuje zlevněný produkt z hypermarketu. Původní cena produktu byla 52,90 Kč a nyní je zlevněna na 39,90 Kč. Sleva činí 24 %.

Globus

Fazolky zelené

krájené

660 g, p. p. 330 g

100 g = 12,09

Na obrázku je sklenice nakládaných fazolek "Schnitt Bohnen".

**Popis produktu:**

*   **Název:** Schnitt Bohnen (nakládané fazolky)
*   **Popis:** Na štítku je uvedeno "Junge Zart" (mladé a jemné) a "Frisch Verarbeitet" (čerstvě zpracované).
*   **Balení:** Sklenice s víčkem.
*   **Obsah:** Sklenice je plná zelených fazolek v nálevu.

**Cena:** Cena není na obrázku vidět.

Na obrázku je balení hranolek "Big Frites" od výrobce Globus. 

**Popis produktu:** Balení je tmavě červené a obsahuje na sobě obrázek hromady hranolek servírovaných v papírovém košíčku. 

**Text na obrázku:**
*   **"BIG FRITES"** - Název produktu, napsaný velkým písmem.
*   **"Globus"** - Značka výrobce.
*   **"Pommes Frites"** - Označení hranolek francouzsky.
*   **"750g"** - Hmotnost balení.
*   **"100g = 5,32"** - Cena za 100 gramů hranolek.
*   **"AKCE!"** - Nápis upozorňující na slevu.
*   **"-24%"** - Velikost slevy.
*   **"52,90"** - Původní cena.
*   **"39,90"** - Nová cena po slevě.
*   **Symboly** – Symboly signalizují, že výrobek je vhodný pro mrazení, pečení a smažení.

-

4990

20%

39

Globus Mini větrníky se šlehačkovou náplní 250 g 100 g = 15,96

90

Na obrázku je krabička s mini větrníky s krémovou náplní. Krabička je růžová s bílými a zelenými detaily. Na přední straně je nápis "Mini Windbeutel mit Sahnefüllung" (Mini větrníky s krémovou náplní). V levém horním rohu je logo výrobce. V dolní části krabičky je logo "Bio". V horní části je značka, že se jedná o zlevněný produkt. Cena není na obrázku uvedena.

Na obrázku je reklama na zlevněné těstoviny značky Globus. 

**Popis produktu:** Balení těstovin s obrázkem kohouta a nápisem "Frischei" (čerstvé vejce). Pod tím je napsáno "3 Min Kochzeit" (doba vaření 3 minuty). Těstoviny jsou typu malé kolínka.

**Text na obrázku:**

*   **AKCE! -20%:** Hlavní slogan, zdůrazňující slevovou akci.
*   **NA VYBRANÉ TĚSTOVINY ZNAČKY GLOBUS:** Uvádí, že sleva platí na vybrané těstoviny od značky Globus.
*   **PŘÍKLAD CENY:** Upozorňuje, že se jedná o ilustrační cenu.
*   **39,90** Původní cena
*   **31,90** Cena po slevě.

“tid UGZIIG MUSE SUUI L

A Y

Obrázek ukazuje reklamu na zlevněný produkt. Původní cena produktu byla 599,90 Kč, která je přeškrtnutá. Nová, zlevněná cena je 449,90 Kč. Vedle ceny je umístěný nápis "AKCE!" a kruh s nápisem "-25%", což značí, že produkt je zlevněný o 25 %.

## Prego

Halenka

- - dámská
- - v akční nabídce široký sortiment dámských halenek za akční ceny

## NAŠE VLASTNÍ ZNAČKY

Obrázek zobrazuje růžové tričko s krátkým rukávem a širokým střihem. Tričko má výstřih do V a je doplněno barevným korálkovým náhrdelníkem. Vlevo nahoře je červený kruhový štítek s procenty, což naznačuje slevu. Vlevo dole je logo značky PREGO.

Na obrázku chybí cena, takže ji nemohu vyjádřit.

Prego

Obrázek zobrazuje slevový štítek typický pro hypermarkety. Původní cena produktu byla 699,90 Kč, což je přeškrtnuté. Nová cena je zvýrazněna červeným písmem a činí 499,90 Kč. V horní části štítku je nápis "AKCE!". V kruhu je uvedena sleva -28%.

## Prego Kalhoty

- - dámské
- - v akční nabídce široký sortiment dámských kalhot za akční ceny

Obrázek zobrazuje logo produktu PREGO. Jedná se pravděpodobně o potravinu, konkrétně omáčku na těstoviny. Na logu je stylizované písmeno P.

Obrázek zobrazuje zlevněný produkt z hypermarketu. Původní cena je 99,90 Kč, která je přeškrtnutá. Nová cena po slevě je 79,90 Kč. Vedle ceny se nachází kruh s nápisem "-20%", což indikuje, že produkt je zlevněn o 20 %. Nahoře je napsáno slovo "AKCE!".

Obrázek zachycuje reklamní cedulku s označením akce. Původní cena produktu je 99,90 Kč, která je přeškrtnutá. Nová, zlevněná cena je 79,90 Kč. Akce je označena nápisem "AKCE!" a kruhovým polem s nápisem "-20%".

Obrázek zobrazuje logo značky "PREGO". Neposkytuje žádné informace o zlevněném produktu nebo ceně.

## Prego Podprsenka

- - více barevných variant
- - na běžné nošení i sport

Obrázek zobrazuje sportovní podprsenku v barvě lososové. Má jednoduchý střih s širokými ramínky a zády s křížením. Spodní lem podprsenky má černý pruh s nápisem "PREGO" bílým písmem. 

Cena není na obrázku viditelná, ale jde o zlevněný/výhodný produkt z hypermarketu.

Na obrázku jsou zobrazeny volné kalhoty palazzo v barvě světle šedé. Mají vysoký pas a jsou doplněny látkovým páskem ve stejné barvě. Kalhoty mají široké nohavice a na přední straně jemné záhyby. 

Na obrázku není žádný text s cenou nebo jinými informacemi.

Na obrázku je vidět reklama na zlevněný produkt. Původní cena je 349,90 Kč, která je přeškrtnutá. Nová, zlevněná cena je 249,90 Kč. V kruhovém rámečku je napsáno "-28%", což značí procentuální slevu. Nahoře je nápis "AKCE!".

## Prego Home Plážová osuška XL

- - rozměr: 80 x 160 cm
- - různé vzory
- - praktické balení
- v textilním sáčku

Obrázek zachycuje propagační štítek z hypermarketu, který informuje o zlevněném produktu.

**Popis:**

*   **Původní cena:** 249,90 Kč (přeškrtnutá)
*   **Nová cena:** 169,90 Kč (zvýrazněná)
*   **Sleva:** 32 % (zobrazena v kruhovém symbolu)
*   **Text:** „AKCE!“ (vyznačuje se nahoře na štítku)

Štítek naznačuje, že se jedná o výhodnou nabídku, kde zákazník ušetří 32 % z původní ceny.

## Prego Home Polštářek cestovní

- - výplň: paměťová pěna
- - různé barvy

Obrázek zachycuje reklamu na zlevněný produkt. Původní cena produktu je 79,90 Kč, která je přeškrtnutá. Nová, zlevněná cena je 59,90 Kč. Uvádí se sleva 25%.

Obrázek zobrazuje logo značky PREGO. Jedná se o bílé logo s černým obrysem ve tvaru písmene P a zakrouceného pásku. Pod logem je napsáno slovo "PREGO" velkými písmeny. Na obrázku není žádná cena ani informace o slevě.

## Prego Kalhotky

- - více barev
- - různé druhy, se sportovní gumou i bez
- - v akční nabídce i kalhotky 2pack za 99,90

Obrázek zobrazuje spodní prádlo, konkrétně kalhotky. Jsou v barvě hořčičné, s nízkým pasem. V pase mají širokou gumu, na které je opakovaně napsáno slovo "PREGO" bílým písmem. Zřejmě se jedná o výprodej zboží z hypermarketu. Cena není uvedena.

Na obrázku je vidět srolovaná plážová osuška a rozložená taška na pláž, obě s výrazným tropickým vzorem - kombinací květů ibišku, motýlů a zelených listů palem. Obě věci jsou značky PREGO HOME.

**Text na obrázku:**

*   **PREGO HOME** – značka produktů.

Obrázek je pravděpodobně reklamní leták hypermarketu, který propaguje výhodnou nabídku těchto produktů.

Na obrázku jsou dva cestovní polštáře v bordó barvě. Polštáře mají tvar podkovy s otvorem uprostřed pro hlavu a krk, jsou určeny pro pohodlí při cestování. V levém horním rohu je logo "MODA HOME". Cena není uvedena.

Obrázek zachycuje reklamní leták na zlevněný produkt. Původní cena produktu byla 499,90 Kč, což je přeškrtnuté. Nová cena je 349,90 Kč a je zvýrazněna červenou barvou. V levém horním rohu je nápis "AKCE!" a v pravém horním rohu je kulatý štítek s nápisem "-30%", což naznačuje, že produkt je zlevněn o 30%.

Prego Home Svíčka vonná - v akční nabídce i další druhy

Na obrázku jsou dvě vonné svíčky značky PREGO HOME. Jsou umístěny v průhledných skleněných nádobách a mají dřevěné víčka. 

*   Svíčka vlevo má skleněnou nádobu s přechodem od červené barvy ve spodní části ke světle oranžové nahoře.
*   Svíčka vpravo má skleněnou nádobu s přechodem od modré barvy ve spodní části k bílé nahoře.

Na etiketě na obou svíčkách je nápis "PREGO HOME" a pod ním nápis "Vonná svíčka". Pod tím je nápis s cenovkou, která je částečně nečitelná. Zdá se, že cena je **299,90 Kč**.

Obrázek zobrazuje reklamu na zlevněný produkt. Původní cena produktu byla 299,90 Kč, což je přeškrtnuté. Nová, akční cena je 199,90 Kč. Nad akční cenou se nachází nápis "AKCE!" v červeném provedení. V pravém horním rohu kruhového pole je uvedena sleva 33 %.

## Prego Home Polštář

- - rozměr: 45 × 45 cm
- - různé barvy

299 90

## Prego Home Deka

- - rozměr 150 x 200 cm
- - různé druhy a barvy

Na obrázku je reklama na pánev Prego Home, určenou na pečení 7 lívanců. Původní cena byla 549,90 Kč, nyní je zlevněna na 399,90 Kč. Sleva činí 27 %. Rozměr pánve je 26 cm.

Obrázek zobrazuje logo hypermarketu Globus. Slovo "Globus" je napsáno velkými oranžovými písmeny s bílým stínem na oranžovém pozadí. Logo je orámováno zelenou kruhovou linií s motivem světa uvnitř. Jedná se o reklamní materiál, který informuje o hypermarketu Globus. Cena ani žádný konkrétní produkt na obrázku nejsou uvedeny.

## Prego Boxerky

- - více barevných variant, jednobarevné i se vzorem
- - pohodlná neškrtící guma

Obrázek zobrazuje logo značky PREGO. Zdá se, že se jedná o produkt z hypermarketu, který je ve slevě nebo je nabízen za výhodnou cenu. Na obrázku není uvedena žádná konkrétní cena.

Na obrázku jsou šedivé pánské boxerky. Zdá se, že jde o výhodný nákup z hypermarketu, jak naznačuje červený rámeček kolem produktu. Bohužel na obrázku není žádný text s cenou, takže není možné ji uvést.

Na obrázku je vidět cenovka s označením výhodné nabídky. Dominantní prvek je velké červené číslo "89,90", které představuje cenu v českých korunách. Pod číslem je napsáno "3 páry = 1 cena", což znamená, že zákazník zaplatí pouze jednu cenu za tři páry daného zboží. Cenovka je orámována červeně a bíle, což má upoutat pozornost.

## Prego Ponožky

- - více druhů a vzorů - pánské, dámské, ve vel. 35-46 - na běžné nošení i sport

Obrázek ukazuje logo produktu "PREGO". Jedná se o značku italských omáček a těstovin, často nabízených v hypermarketech. Logo se skládá z propleteného písmene P v oválném rámečku. Obrázek sám o sobě nevypovídá o slevě nebo ceně.

Na obrázku jsou vidět tři páry dámských ponožek. Dva páry jsou pruhované - jeden bílo-fialový a druhý tmavě modro-bílý. Třetí pár je jednobarevný, světle šedý. 

V levém horním rohu obrázku je žlutá cenovka s nápisem "0", což naznačuje výprodej nebo cenu 0 Kč. Pod tím je zřejmě cena v korunách českých, ale kvůli malé velikosti písma se nedá jednoznačně určit.

Obrázek zobrazuje modrý polštář. Polštář má čtvercový tvar a je vyrobený z látky připomínající samet nebo velur. Na obrázku se nevyskytuje žádný text, který bych mohl vysvětlit.

Na obrázku je zobrazen měkký fleecový přehoz nebo deka v světle růžové barvě s decentním vzorem. Text v levém horním rohu hlásí "PREGO HOME", což naznačuje značku produktu. Cena není přímo viditelná, ale předpokládá se, že se jedná o zlevněný nebo výhodný produkt z hypermarketu. Vzhledem k jeho měkkému vzhledu se hodí pro použití v obývacím pokoji nebo ložnici.

Na obrázku je vidět černá pánev s 7 prohlubněmi, určená pravděpodobně na smažení vaječných omelet nebo palačinek. Jedná se o typickou pánev na mini lívance nebo snídaňové omelety.

Obrázek obsahuje nápis: **„SLEVA 44% PŘEDTÍM 699,90 KČ Nyní 389,90 KČ“**.
Nabídka hypermarketu obsahuje slevu na tuto pánev, původní cena je 699,90 Kč a nyní je k dispozici za 389,90 Kč.

- ruzne druhy, se Sportovni nabidce siroky

nt damskych fa akcni ceny

imétová pena

Na obrázku je reklama na maso a uzeniny z řetězce Globus. Jsou zde zobrazeny různé druhy masa a uzenin s cenami.

Zlevněné produkty a jejich ceny:

*   **Sedlácká šunka Globus** - 23,90 Kč / 100 g
*   **Selská paštika Globus** - 50,- Kč / 320 g
*   **Šunka polokonzerva Globus** - 180,- Kč / 1 kg
*   **Syrová sekaná Globus** - 89,- Kč / 1 kg
*   **Karbanátek směs Globus** - 149,- Kč / 1 kg
*   **Hovězí pečeně z kýty Globus** - 329,- Kč / 1 kg
*   **Hovězí žebra Globus** - 189,- Kč / 1 kg
*   **Hovězí kližka Globus** - 139,- Kč / 1 kg
*   **Vepřová kližka Globus** - 139,- Kč / 1 kg

Text na obrázku uvádí: "Vlastní řeznictví Globus", "Naše produkty vyhrály ocenění Česká chuťovka", "Od 1996", "Jsme řezníci a máme svou společnost", "Globus je členem Českého svazu zpracovatelů masa".


Na obrázku je reklama na pekařství a kavárnu Globus. Jsou zde zobrazeny různé druhy pečiva v akci.

Zde je popis některých zlevněných produktů:

*   **Taštička s parkem 110g:** Původní cena 29,90 Kč, nyní 21,90 Kč (sleva 26%). Popis: Výborné ke svačině.
*   **Bagueta celozrnná 270g:** Původní cena 29,90 Kč, nyní 24,90 Kč (sleva 16%). Popis: Vynikající k zeleninovým salátům.
*   **Rohlik Prémium 50g:** Původní cena 7,90 Kč, nyní 6,90 Kč (sleva 12%). Obsahuje semínka zlatého lnu.
*   **Cereální croissant 70g:** Původní cena 15,90 Kč, nyní 12,90 Kč (sleva 18%). Popis: Výhodný ke svačině.
*   **Preclík louhovaný 85g:** Původní cena 14,90 Kč, nyní 9,90 Kč (sleva 33%). Popis: S poctivou solí, nesmí chybět na stole.
*   **Chléb bavorský 700g:** Původní cena 42,90 Kč, nyní 36,90 Kč (sleva 13%). Popis: Dle tradiční receptury, s pečenými bramborami.
*   **Pletýnka 75g:** Původní cena 13,90 Kč, nyní 9,90 Kč (sleva 28%). Popis: Pro radost i s chutí, s vanilkovým krémem.

**Text na obrázku:**

*   „Vlastní pekařství a kavárna Globus.“
*   „Jsme hrdým členem pekařského cechu.“
*   „Tady ctíme řemeslo od 2006.“
*   „Naše produkty vyhrály ocenění Česká chuťovka.“
*   „Vybírejte ze široké nabídky čerstvého pečiva.“
*   „Slevy jsou označeny procentuální slevou a novou cenou.“
*   „Člen pekařského cechu.“

Celkově je to reklama na pekařské výrobky Globus s označením cen a slev.

Obrázek je reklamní leták na jídlo z restaurace hypermarketu Globus. Obsahuje nabídku několika jídel za snížené ceny.

Zde je popis některých zlevněných produktů a textu:

*   **Lasagne s boloňským ragú** - 189,- Kč (vikendová nabídka)
*   **Kung Pao** se kuřecím masem a jasmínovou rýží - 159,- Kč
*   **Hrachová kaše** s uzeným masem a kyselou okurkou - 89,- Kč
*   **Srbská kuřecí** rizoto se sýrem a okorkou - 99,- Kč
*   **Hovězí kostky** na česneku se špenkem a bramborovými knedlíky - 139,- Kč

V horní části letáku je logo Globus a text: "Vlastní restaurace Globus". Pod logem je text "Jsme členem Asociace hotelů a restaurací ČR" a "Vyrobena od 1996". V dolní části letáku je text "Jídlo z Globusu až k vám domů přiveze" a logo rozvozové služby Foodora.

Leták obsahuje informaci o platnosti nabídky od 25. 4. do 27. 4. 2024, do vyprodání zásob.

Nemecko

90 SO ALV:
h rüzne druhy
1009

Na obrázku je reklamní leták hypermarketu s nabídkou zlevněných sýrů a masa. 

Zlevněné produkty a jejich ceny jsou:

*   **Gouda**: Původní cena 24,90 Kč, nyní 17,90 Kč / 100g. Sleva 28%.
*   **Madeta Gouda**: Původní cena 30,90 Kč, nyní 25,90 Kč / 100g. Sleva 16%.
*   **Madeta Balkánský sýr**: Původní cena 24,90 Kč, nyní 19,90 Kč / 100g. Sleva 20%.
*   **Koliba Uzený**: Původní cena 36,90 Kč, nyní 25,90 Kč / 100g. Sleva 29%.
*   **Madeta Salámový sýr**: Původní cena 29,90 Kč, nyní 23,90 Kč / 100g. Sleva 20%.
*   **Suméček africký filet**: Původní cena 39,90 Kč, nyní 29,90 Kč / 100g. Sleva 25%.
*   **Old Amsterdam**: Původní cena 74,90 Kč, nyní 52,90 Kč / 100g. Sleva 29%.
*   **Tilsit uzený**: Původní cena 35,90 Kč, nyní 24,90 Kč / 100g. Sleva 30%.
*   **Madeta Týnský sýr**: Původní cena 30,90 Kč, nyní 22,90 Kč / 100g. Sleva 25%.
*   **Party krovety**: Původní cena 68,90 Kč, nyní 48,90 Kč / 100g. Sleva 29%.
*   **Madeta Eidam**: Původní cena 25,90 Kč, nyní 19,90 Kč / 100g. Sleva 23%.
*   **Madeta Cottage**: Původní cena 19,90 Kč, nyní 14,90 Kč / 150g. Sleva 25%.
*   **Madeta Hermelín**: Původní cena 21,90 Kč, nyní 16,90 Kč / 100g. Sleva 23%.
*   **Zavináč**: Původní cena 24,90 Kč, nyní 18,90 Kč / 100g. Sleva 24%.
*   **Madeta Čedár**: Původní cena 29,90 Kč, nyní 22,90 Kč / 100g. Sleva 23%.

Na obrázku jsou vidět nápisy jako "Akční nabídka z pultu", "Česká poctivost", a procentuální sleva u každého produktu. Všechny ceny jsou uvedeny v českých korunách (Kč) s desetinnou čárkou.

## VÁŠ SVĚT NÍZKÝCH CEN

Obrázek je reklamní leták hypermarketu Globus s nabídkou zlevněného ovoce a zeleniny. Zde je podrobný popis některých produktů a vysvětlení textu:

*   **Mango:** Původní cena 49,90 Kč, nyní 29,90 Kč (sleva 40 %). Uvedena cena za 1 kg.
*   **Meloun vodní červený:** Původní cena 59,90 Kč, nyní 49,90 Kč (sleva 16 %). Uvedena cena za 1 kg.
*   **Hrušky Xenia:** Původní cena 69,90 Kč, nyní 39,90 Kč (sleva 42 %). Uvedena cena za 1 kg.
*   **Citrony:** Původní cena 49,90 Kč, nyní 27,90 Kč (sleva 44 %). Uvedena cena za 1 kg.
*   **Brokolice:** Původní cena 39,90 Kč, nyní 29,90 Kč (sleva 25 %). Balení 500g.
*   **Paprika žlutá:** Původní cena 69,90 Kč, nyní 41,90 Kč (sleva 40%). Uvedena cena za 1 kg.
*   **Zampioni bílé:** Původní cena 84,90 Kč, nyní 69,90 Kč (sleva 17%). Uvedena cena za 1 kg.
*   **Pór:** Původní cena 24,90 Kč, nyní 14,90 Kč (sleva 40%). Uvedena cena za 1ks.
*   **Mrkev:** Původní cena 24,90 Kč, nyní 16,90 Kč (sleva 32%). Uvedena cena za 1 kg.

V horní části letáku je nápis "VAS SVĚT NÍZKÝCH CEN" a v dolní části nápis "Prohlédněte si leták". Vedle některých produktů se nachází loga "ODRŮDA VERNA" a "Čerstvé potraviny".

Obrázek zobrazuje QR kód s logem hypermarketu Globus. QR kód je pravděpodobně určen pro načtení informací o akční nabídce nebo slevě. Na QR kódu je zobrazeno logo obchodu "Globus" v zelené barvě. Není možné bez načtení QR kódu určit konkrétní zlevněný produkt a jeho cenu.

Extra strana online letáku.

## VÁŠ SVĚT NÍZKÝCH CEN ONLINE

Na obrázku je reklama na zlevněné ovoce a zeleninu z hypermarketu. Zde je podrobný popis:

*   **BIO Okurka hadoví:** Původní cena 44,90 Kč, sleva 33 %, nová cena 29,90 Kč za 1 kg.
*   **BIO Lilek:** Původní cena 99,90 Kč, sleva 25 %, nová cena 74,90 Kč. Uvedena hmotnost 300 g.
*   **BIO Cuketa:** Původní cena 69,90 Kč, sleva 28 %, nová cena 49,90 Kč. Uvedena hmotnost 200 g.
*   **Kápusta hlávková:** Původní cena 49,90 Kč, sleva 30 %, nová cena 34,90 Kč za 1 kg.
*   **Hliva ústřičná:** Původní cena 54,90 Kč, sleva 18 %, nová cena 44,90 Kč. Uvedena hmotnost 300 g.
*   **Portobello:** Původní cena 45,90 Kč, sleva 19 %, nová cena 36,90 Kč. Uvedena hmotnost 220 g.
*   **Tykev Hokkaido:** Původní cena 69,90 Kč, sleva 28 %, nová cena 49,90 Kč za 1 kg.
*   **Fazolové lusky kulaté:** Původní cena 59,90 Kč, sleva 25 %, nová cena 44,90 Kč. Uvedena hmotnost 250 g.
*   **Cibule kuchyňská červená:** Původní cena 34,90 Kč, sleva 20 %, nová cena 27,90 Kč za 1 kg.

Na některých produktech je štítek s nápisem „Česká potravina“.

Obrázek zobrazuje logo hypermarketu Globus. Logo je oranžové a zelené, složené z nápisu "Globus" a kulaté grafiky připomínající Zemi.  Neobsahuje žádné informace o konkrétním zlevněném produktu ani cenu.

Dobře, analyzuji obrázek a popíšu zlevněné produkty a text na něm:

**Celkový popis:** Obrázek je reklamní leták hypermarketu Globus, zaměřený na prodej proteinových produktů a snídaňových směsí. Platnost akce je od 23. února do 6. března 2024.

**Zlevněné produkty:**

*   **Bio Extrude** - Crispis proteinový (100g) - Původní cena 34,90 Kč, **snížená na 28,90 Kč (-17%)**
*   **Mixit** - Adam Ondra proteinové tyčinky čokoládové (40g) - Původní cena 239,90 Kč, **snížená na 209,90 Kč (-12%)**
*   **Organis Vegan** - Protein vanilka (500g) - Původní cena 349,90 Kč, **snížená na 249,90 Kč (-28%)**
*   **Max Sport** - Proteinová tyčinka (50g) - Původní cena 38,90 Kč, **snížená na 26,90 Kč (-30%)**
*   **Bauli Soft & Creamy** - Protein karamelová příchuť (45g) - Původní cena 54,90 Kč, **snížená na 34,90 Kč (-36%)**
*   **Mixit** - Adam Ondra proteinové tyčinky (40g) - Původní cena 178,90 Kč, **snížená na 159,90 Kč (-10%)**
*   **Nutrend WHEY** - Protein čokoláda (23g) - Původní cena 24,90 Kč, **snížená na 19,90 Kč (-20%)**
*   **Bombus** - Tyčinka protein různé druhy (50g) - Cena 26,90 Kč
*   **Alpro** - Protein (380g) - Původní cena 119,90 Kč, **snížená na 89,90 Kč (-25%)**
*   **Alpro** - Protein (450g) - Cena 119,90 Kč

**Text na letáku:**

*   **"Protein, který má s tebou zdravý svět"** - Hlavní slogan akce.
*   **"Snídej podle chuti"** - Podtitul pro snídaňové směsi.
*   **"96% protein"** - Uváděno u produktů Bombus.
*   **"30g protein"** - Označení množství proteinu v tyčinkách.
*   **"Vegan"** - U produktů Organix Vegan.
*   **"Bez lepku"** - Označení produktů, které neobsahují lepek.

Leták obsahuje barevné fotografie a ceny produktů s procentuálním vyjádřením slevy. Je zaměřen na zákazníky, kteří se zajímají o zdravou výživu a sport.

Obrázek je reklamní leták z hypermarketu Globus, který propaguje produkty na grilování a oslavu Velikonoc. Obsahuje několik zlevněných produktů:

*   **Spekáčky Globus:** 13,90 Kč/100g. Text uvádí, že se dají grilovat, péct, nebo použít jako součást bramborového salátu.
*   **Biggrill Globus:** 159,- Kč/kg. Text uvádí, že je vhodný pro grilování i pečení v troubě.
*   **Merquez:** 22,90 Kč/100g. Jedná se o tradiční francouzskou grilovací klobásu z hovězího masa.
*   **Párty klobáska Globus:** 19,90 Kč/100g. Text uvádí, že je ideální na gril.
*   **Trampské cigáro Globus:** 17,90 Kč/100g. Jedná se o grilovací klobásu s jemným kořením.
*   **Jemný párek Globus:** 12,90 Kč/100g.

V horní části letáku je nápis "Oslavte s námi Velikonoce", a informace, že platí od 23. 3. do 30. 4. 2024. Zobrazen je také nápis "Výroba v Globusu". Pod některými produkty je ikona ve tvaru srdíčka.

Zde je detailní popis obrázku a vysvětlení textu:

**Obecný popis:**

Obrázek je reklamní leták hypermarketu, pravděpodobně Albert, zaměřený na masné výrobky a pečivo. Obsahuje fotografie různých druhů klobás, salámů a pečiva s cenovkami. V levém horním rohu je logo "Řeznictví Albert" a nápis "Tradice řeznictví od roku 1996". Uprostřed horní části je nápis "Platí od 23.4. do 30.4.2024." s logem "Albert".

**Popis zlevněných produktů:**

*   **Kabanos Albert:** 13,90 Kč / 100g
*   **Griller Albert:** 14,90 Kč / 100g
*   **Moravská klobása Albert:** 15,90 Kč / 100g
*   **Kaiserka:** 3,90 Kč / 1 ks, 25 % sleva, 250g - 25,80 Kč
*   **Královský bochník:** 61,90 Kč, -19 %, 200g, 250g, 470g.
*   **Šumavská saláma Albert:** 28,90 Kč / 100g.

**Vysvětlení textu:**

*   U kabanosu, grilleru a moravské klobásy je uvedena cena za 100 gramů výrobku.
*   U kaiserky je uvedena cena za jeden kus, procentní sleva a cena za balení 250g.
*   U králoského bochníku je uvedena cena, procentní sleva a hmotnosti balení.
*   U Šumavské salámy je uvedena cena za 100 gramů výrobku.

**Doplňující informace:**

U některých výrobků je uvedena informace o balení (vákuovaný balíček, hmotnost balení). U výrobků je i doporučení na využití.


Dobře, tady je popis zlevněných produktů na obrázku, včetně vysvětlení textu:

**Celkový popis:**

Obrázek je reklamní leták hypermarketu Globus s nabídkou zlevněných alkoholických nápojů. Vlevo nahoře je název akce: "Noc plná kouzel, chutí a připítků". Akce platí od 23.4. do 30.4. 2024.  Na letáku jsou vyobrazeny různé druhy lihovin, whisky a ochucených piv se zvýrazněnými cenami.

**Popis zlevněných produktů (zleva doprava a shora dolů):**

*   **Becherovka** (0,7l) za **179,90 Kč** (původní cena není uvedena)
*   **Božkov Republica** (0,7l), 38 % alkoholu, s příchutí Solera, a příchutí Espresso za **299,90 Kč**.
*   **Jameson** irská whisky (0,7l) za **329,90 Kč** (původní cena není uvedena).
*   **Heffron** (0,7l), 32-38 % alkoholu s příchutí Coconut, Coffee za **199,90 Kč**.
*   **Cool** (0,5l) ochucené pivo, různé druhy za **16,90 Kč**.
*   **Stock** Fernet (0,7l) za **239,90 Kč**.
*   **Rum Negrita** (0,7l) za **149,90 Kč**.
*   **Vodka Kremlin** (0,7l) za **139,90 Kč**.
*   **Jägermeister** (0,7l) za **219,90 Kč**.
*   **Jägermeister Orange** (0,7l) za **219,90 Kč**.
*   **Becherovka Lemon&Mint** (0,7l) za **179,90 Kč**.
*   **Jägermeister** (0,3l) za **49,90 Kč**.
*   **Cool Vitality** a Energy (0,5l) za **19,90 Kč**.

**Doplňující informace:**

*   U každého produktu je uvedeno množství v litrech (0,7l nebo 0,5l) a obsah alkoholu v procentech, pokud je to relevantní.
*   Ceny jsou zvýrazněny tučným písmem.
*   Některé produkty mají uvedenu původní cenu, která je přeškrtnutá, což naznačuje slevu.
*   U produktů Cool, Jägermeister a Cool Vitality je uvedeno, že jde o různé druhy.

Doufám, že je to dostatečně detailní popis.

Na obrázku je reklamní leták hypermarketu Globus s nabídkou zlevněných produktů platnou od 23. do 30. dubna 2024. 

**Popis zlevněných produktů:**

*   **Selské kuřecí křídla marinovaná Globus:** Původní cena 149,90 Kč/kg, nyní 119,90 Kč/kg.
*   **Selské kuřecí špalíčky/stehna marinovaná:** Původní cena 189,- Kč/kg, nyní 151,20 Kč/kg.
*   **Grill for Me:** Původní cena 74,90 Kč, nyní 59,90 Kč (snížení o 20%).
*   **Gurmán kečup:** Původní cena 77,90 Kč, nyní 49,90 Kč (snížení o 35%).
*   **Horčice:** Původní cena 21,90 Kč, nyní 17,90 Kč (snížení o 18%).
*   **Značkové nálevy:** Původní cena 39,90 Kč, nyní 27,90 Kč (snížení o 30%).
*   **Dětský kostým čarodějnice:** Původní cena 399,90 Kč, nyní 319,90 Kč (snížení o 20%).
*   **Značkové potraviny Machland:** Snížení o 35%.
*   **Na výrobek čarodějnice:** Snížení o 20%.

**Vysvětlení textu:**

*   Leták uvádí, že se slevy vztahují na vybrané produkty v hypermarketu Globus.
*   U každého produktu je uvedena původní cena, nová cena a procento slevy.
*   Leták také uvádí, že v nabídce je více druhů marinovaného masa.
*   Některé produkty jsou označeny jako „značkové“ nebo „ilustrační foto“.
*   Kromě potravin nabízí Globus v rámci akce také dětské kostýmy a doplňky pro čarodějnice.

Zde je popis zlevněných produktů z hypermarketu na obrázku:

**Zlevněné produkty:**

*   **Cornetto Max Mango & Chocolate:** Původní cena 57,90 Kč, nyní 46,90 Kč (sleva 18 %). Hmotnost 150 ml.
*   **Nutella Zmrzlina:** Původní cena 199,90 Kč, nyní 159,90 Kč (sleva 20 %). Hmotnost 450 ml.
*   **Banan v čokoládě:** Původní cena 16,90 Kč, nyní 12,90 Kč (sleva 23 %). Hmotnost 100 ml.
*   **Prima Prank:** Původní cena 19,90 Kč, nyní 15,90 Kč (sleva 20 %). Hmotnost 70 ml.
*   **Fruistimo Zmrzlina:** Původní cena 41,90 Kč, nyní 34,90 Kč (sleva 16 %). Hmotnost 100 ml.
*   **Twister Mini Tropical:** Původní cena 136,90 Kč, nyní 104,90 Kč (sleva 23 %). Hmotnost 400 ml.
*   **Kaktus Zmrzlina:** Původní cena 154,90 Kč, nyní 119,90 Kč (sleva 22 %). Hmotnost 400 ml.
*   **Kinder Bueno:** Původní cena 129,90 Kč, nyní 89,90 Kč (sleva 30 %). Hmotnost 4x80 g.
*   **Smětanová zmrzlina:** Původní cena 14,90 Kč, nyní 9,90 Kč (sleva 33 %). Hmotnost 100 ml.
*   **Manhattan Classice:** Cena 89,90 Kč. Hmotnost 750 ml.
*   **Sorbet:** Cena 59,90 Kč. Hmotnost 500 ml.

**Text na obrázku:**

*   "Platí od 16. 4. do 29. 4. 2024" - Informace o platnosti akce.
*   "PESTRÝ VÝBĚR ZMRZLIN ZA LÁKAVÉ CENY" - Hlavní slogan pro sekci se zlevněnými zmrzlinami.
*   U každého produktu je uvedena původní cena, zlevněná cena a procento slevy.
*   U některých produktů je uvedena i hmotnost (např. 150 ml, 450 ml).
*   Různé nápisy označující značky a typy zmrzlin (Cornetto, Nutella, Kinder Bueno, Manhattan).



Obrázek zobrazuje logo hypermarketu Globus. Jde o oranžový nápis "Globus" na žlutém pozadí s motivem zelené Země kolem. Logo signalizuje výhodné ceny a slevy v daném obchodě.

Na obrázku je cenovka s informací o zlevněném produktu. 

*   **Původní cena:** 16,90 Kč
*   **Zlevněná cena:** 12,90 Kč (sleva 23%)
*   **Další zlevněná cena:** 10,90 Kč (sleva 35%)
*   **Značka:** Můj Globus

Cenovka informuje o postupné slevě na produkt, přičemž zákazník může získat výhodnější cenu při splnění určitých podmínek.

Obrázek zobrazuje reklamu na zlevněný produkt.

**Popis:** Na červeném pozadí je zobrazeno přeškrtnuté číslo "179,90", které představuje původní cenu produktu. Pod tím je zobrazeno tučně zvýrazněné číslo "99,90", které představuje novou cenu po slevě. V pravém horním rohu je kulatý štítek s nápisem "-44%", což indikuje procentuální výši slevy. Nad cenami je nápis "AKCE!", který zdůrazňuje výhodnou nabídku.

**Vysvětlení textu:**

*   **AKCE!** - upozorňuje na probíhající akční nabídku.
*   **179,90** - původní cena produktu v českých korunách.
*   **99,90** - nová, zlevněná cena produktu v českých korunách.
*   **-44%** - výše slevy v procentech.

Zanetti Grana

Padano DOP

200 g

100 g = 49,95

Mozzarella strouhany syr

100 0

100 g za 19,30

Obrázek zobrazuje cenovku s informací o zlevněném produktu.

*   **Text na cenovce:** „AKCE!“ – upozorňuje na probíhající akci.
*   **Původní cena:** 28,90 Kč je přeškrtnutá.
*   **Nová cena:** 19,90 Kč je zvýrazněna.
*   **Sleva:** -31 % – naznačuje procentuální slevu na produkt.

Cenovka je červenobílá a navržena tak, aby upoutala pozornost zákazníků.

Mozzarella strouhaný sýr 100 g

Eidam strouhaný sýr 100 g za 19,90

DInotucne 3,5% | Ceské republika

Obrázek zobrazuje reklamu na zlevněný produkt. 

**Text na obrázku:**

*   **AKCE!** - upozornění na probíhající akci
*   **32,90** - původní cena produktu
*   **-27%** - procentuální sleva
*   **23,90** - nová, zlevněná cena produktu.

Z obrázku nelze určit, o jaký produkt se jedná, ale je zřejmé, že je ve slevě.

Krajanka Mléko čerstvé plnotučné 3,5% 1 l

Obrázek zobrazuje vlajku České republiky. Pod vlajkou je napsáno "Česká republika". Jedná se o reklamní prvek, pravděpodobně informující o produktech vyrobených v České republice, nebo o akcích spojených s českými produkty. Nelze z obrázku zjistit konkrétní cenu produktu ani výši slevy.

Olma Florian lanodny Jogurt

5 KOUSKY OVOCE, ruzne druhy

15U q

Lug

235

## VÁŠ SVĚT NÍZKÝCH CEN

## Zvolenský Smetanový jogurt  Zvolenský Smetanový jogurt Zvolenský Smetanový jogurt  Zvolenský Smetanový jogurt

dvouvrstvý

různé druhy

145 g

AC: 100 g = 8,90 KC: 100 g = 7,52

Obrázek zobrazuje cenu zlevněného produktu v hypermarketu. Původní cena produktu byla 21,90 Kč, poté se snížila na 14,90 Kč s 31% slevou a nakonec se cena snížila na 12,90 Kč s 41% slevou. Produkt je označen logem "Můj Globus".

Obrázek zobrazuje reklamu na zlevněný produkt v hypermarketu.

**Popis:**

*   **Původní cena:** 31,90 Kč (vyznačená přeškrtnutím).
*   **Sleva:** 31 % (označeno dvěma červenými kruhy).
*   **Nová cena:** 21,90 Kč (velkým fontem).
*   **Text:** "AKCE!" (velkým fontem), "MŮJ GLOBUS" (malým fontem s ikonou srdce).

**Vysvětlení:** Produkt je v akci a je zlevněný o 31 %. Původní cena byla 31,90 Kč, nyní je cena 21,90 Kč. Produkt je nabízen v rámci programu věrnostního hypermarketu Globus.

Rougette na gril

Na obrázku je kelímek jogurtu značky Zvolenský s příchutí cucúriečka (borůvka). Kelímek je světle modrý s ilustracemi borůvek a zelených lístků. 

Na kelímku je vidět nápis:

*   **Zvolenský** – název výrobce.
*   **SMOTANOVÝ JOGURT** – druh produktu.
*   **CUCÚRIEČKA** – příchuť jogurtu (borůvka).
*   **40% ZĽAVA** – nápis signalizuje, že je produkt zlevněný o 40%. Cena není na obrázku uvedena, pouze procentuální sleva.

Na obrázku je reklama hypermarketu Globus. Dominantní barvou je zelená a oranžová. V levém horním rohu je logo Globus. Uprostřed je nápis "MŮJ GLOBUS" s červeným srdíčkem. Pod nápisem je malým písmem napsáno "TAKY JE KVŮLI TOBĚ VŠAK". Reklama pravděpodobně inzeruje věrnostní program nebo obecně výhodné ceny v Globusu. Neobsahuje konkrétní cenu produktu.

## Bystřická pomazánka

různé druhy

Obrázek zobrazuje vlajku České republiky. Pod vlajkou je nápis "Česká republika". Nejedná se o zlevněný produkt a neobsahuje žádnou cenu.

200 g

AC: 100 g = 12,45 KC: 100 g = 10,95

Na obrázku je kelímek pomazánky "Bystrická Pomazánka" o hmotnosti 200g.  Na štítku je název produktu a jeho množství. Cena není na štítku vidět.

Na obrázku je kelímek jogurtu Müller Mix.

**Popis produktu:** Kelímek obsahuje jogurt s příchutí vanilky a čokoládové kuličky (tzv. "Choco Balls"). Je to pravděpodobně snídaňový nebo svačinový produkt.

**Text na obrázku:**

*   **müller:** Značka produktu.
*   **MIX:** Název varianty produktu.
*   **VANILLA JOGURT + CHOCO BALLS:** Popis složení jogurtu – vanilkový jogurt s čokoládovými kuličkami.
*   Na spodní straně kelímku je znovu napsáno **MIX**, což potvrzuje variantu.

Obrázek naznačuje, že se jedná o zlevněný/výhodný produkt, pravděpodobně v hypermarketu. Cena není na obrázku viditelná.

Na obrázku je balení strouhaného sýra Grana Padano značky Zanetti. Balení je tvarované do špičky a má zelené víčko.

Text na obalu:

*   **GRANA PADANO:** Název sýra, což je italský tvrdý sýr.
*   **FORMAGGI zanetti:** Formaggi znamená sýry v italštině, Zanetti je značka výrobce.
*   **DAL 1906:** "Od roku 1906" - uvádí rok založení značky Zanetti.
*   **ESPERIENZA DI FAMIGLIA:** "Rodinná zkušenost".
*   Balíček obsahuje označení DOP - chráněné označení původu.

Balení je pravděpodobně zlevněné, což naznačuje, že je to produkt nabízený ve výhodné ceně v hypermarketu. Bohužel cena není na obrázku uvedena.

Na obrázku je reklama na zlevněný produkt. Původní cena produktu byla 89,90 Kč a je přeškrtnutá. Nyní je produkt ve slevě 22 % a nová cena je 69,90 Kč. Slovo "AKCE!" je napsáno nahoře a zdůrazňuje výhodnou nabídku.

MIA

bez laktozy 1,5%

Rougette na gril různé druhy

180 g

100 g = 38,83

Obrázek zobrazuje reklamu na zlevněný produkt. Původní cena produktu je 34,90 Kč, která je přeškrtnutá. Nová, zlevněná cena je 24,90 Kč. V kruhu je uvedena sleva 28 %. V horní části je napsáno „AKCE!“ s vykřičníkem.

Kunín Lehké ráno Mléko UHT bez laktózy 1,5% 1 l

ÉTÉ &gt;  Kefirové micko, \_Jahode

Na obrázku je balení mléka Kunin Lehké ráno s obsahem tuku 1,5%. Mléko je označeno jako lehce stravitelné a bez laktózy.

Na obalu jsou vidět žluté motýlky a sklenice plná mléka.

Cena produktu je 10,0 (nebo 10,00) Kč.

Obrázek zachycuje balení sýra na grilování "Rougette Cremiger Grillkäse Natur". Balení má zelené a bílé provedení s vyobrazením plátku sýra na grilovací mřížce a vidličkou. 

**Text na obalu:**

*   **Rougette:** Název značky.
*   **Cremiger Grillkäse:** Popis produktu – krémový sýr na grilování.
*   **Natur:** Označuje příchuť – přírodní, bez přidaných aromat.
*   **2 ks v akci:** Upozornění na výhodnou nabídku – balení obsahuje 2 kusy slevu.

Mm — — . 17 PA LA
N WEY Acidofilnimleko

Na obrázku je balení strouhané mozzarelly Melina. 

*   **Melina** je značka.
*   **Mozzarella Strouhaná** je typ produktu.
*   Pod produktem je vyobrazena porce těstovin s omáčkou a strouhanou mozzarellou.
*   Na dolní části balení je vyobrazen portrét muže, pravděpodobně zakladatele značky.
*   Balení váží **100g**.
*   Na spodní části je uvedena zlevněná cena. Text je obtížně čitelný, ale zřetelná je část **59,90 Kč**.

Obrázek zobrazuje zlevněný produkt z hypermarketu. Původní cena je přeškrtnutá a činila 159,90 Kč. Nová cena po slevě je 114,90 Kč. Sleva činí 28%. Text "AKCE!" je napsán velkými písmeny a zdůrazňuje výhodnou nabídku.

KRI KRI original Řecký jogurt bílý 1 kg 100 g = 11,49

latra

Farmárské máslo || ‘ar

Obrázek ukazuje bílou plastovou nádobu s nápisem "Kefírové mléko Jahoda" s vyobrazením jahody. Nápis dále říká "svěží nakyslá chuť". Dole je uvedeno "300g" a vedle toho je červená samolepka s nápisem "SUPER SLEVA" a upozorněním, že se jedná o výhodnou nabídku. Vedle samolepky je nápis "13 % tuku".

Ceske buchty

Obrázek zobrazuje plastový kýbl s řeckým jogurtem značky Kri Kri. Kýbl je bílý s modrými pruhy. Na přední straně je nápis "my authentic greek yogurt" a pod tím cena "10,-". Pod cenou je symbol s procenty a text "100% Greek Yogurt". V pravém dolním rohu je uvedena hmotnost "1 kg e". Nahoře je uvedeno "authentic greek yogurt" menším písmem. Celkově jde o zlevněný produkt nabízený v hypermarketu.

Obrázek ukazuje balení plnotučného mléka od výrobce "Krajanka". Na přední straně je vyobrazená kráva a nápisy:

*   **Krajanka** - Název značky
*   **mléko** - Typ produktu
*   **čerstvé** - Označení čerstvosti
*   **plnotučné** - Informace o tuku

V levém dolním rohu je uvedeno množství **1 litr** a cena **129.90 Kč**. Balení má zelené a oranžové barvy s ilustrací louky.

5650 q

Obrázek zobrazuje grafický prvek s vlajkou České republiky a textem "Česká potravina". Pravděpodobně se jedná o označení potravinářského produktu, který má původ v České republice. Neobsahuje žádné cenové informace.

Na obrázku je balení másla "Tatra" s označením "FARMÁŘSKÉ". Balení má hmotnost 200g. Na přední straně je vidět výrazný nápis "85% tuku". Cena produktu není zřetelná, ale na boční straně je vidět cena ve formátu "99,90".

100 y = 9,14

dalsi druhy Wasa za akCni ceny.

Na obrázku je reklama na zlevněný jogurt Olma Florian. Jde o lahodný jogurt s kousky ovoce v různých příchutích: jahoda, vanilka, malina a meruňka.

**Text na obrázku:**

*   **„AKCE!“** – upozornění na slevu
*   **„-44%“** – výše slevy
*   **„15,90“** – původní cena
*   **„8,90“** – nová cena
*   **„Olma Florian“** – název produktu
*   **„lahodný jogurt s kousky ovoce, různé druhy“** – popis produktu
*   **„150 g“** – hmotnost jogurtu
*   **„100 g = 5,93“** – cena za 100 gramů
*   **„Česká potravina“** – informace o původu
*   Na obalech jogurtů je napsáno „Florian“ a uvedena konkrétní příchuť (jahoda, vanilka, malina, meruňka).

Obrázek zobrazuje slevovou ceduli. Původní cena produktu je 24,90 Kč, která je přeškrtnutá. Nová cena je 20,90 Kč. Vedle cen je kruh s nápisem "-16%", což značí, že produkt je zlevněn o 16%. Nahoře je nápis "AKCE!".

## Kunín

Kefírové mléko,

Acidofilní mléko ochucené, neochucené

různé druhy

300 g

100 g = 6,97

Na obrázku jsou dva produkty v akci z hypermarketu.

**První produkt:**

*   **Název:** České buchty 50% náplně různé druhy
*   **Hmotnost:** 360 g
*   **Cena:** Původní cena 42,90 Kč, nyní 32,90 Kč (sleva 23%)
*   **Cena za 100 g:** 9,14 Kč
*   **Popis:** Jedná se o balení buchet s ovocnou náplní.

**Druhý produkt:**

*   **Název:** Wasa různé druhy
*   **Hmotnost:** 200-275 g
*   **Cena:** Původní cena 62,90 Kč, nyní 44,90 Kč (sleva 28%)
*   **Cena za 100 g:** Od 16,33 Kč
*   **Popis:** Jedná se o balení křehkých chlebů Wasu s různými příchutěmi.
*   **Text na obalu:** "Fette Croccanti di Segale" a "Crispy Rye Bread" (křehký žitný chléb), "100% Rye Flour" (100% žitná mouka), "High in Fibre" (Vysoký obsah vlákniny).
*   **Doplňující informace:** V nabídce jsou i další druhy Wasy za akční ceny.

Obrázek zobrazuje cenovku s označením akce. Původní cena produktu byla 64,90 Kč, nyní je zlevněna na 56,90 Kč. Sleva činí 12 %. Text "AKCE!" upozorňuje na výhodnou nabídku.

Tatra Farmářské máslo 200 g 1 kg = 284,50

Müller Mix různé druhy 130 g

AC: 100 g = 11,46 KC: 100 g = 9,92

## platnost 23. 4. – 29. 4. 2025

Obrázek ukazuje logo hypermarketu Globus. Slovo "Globus" je napsáno velkými, oranžovými písmeny s bílým obrysem. Logo je orámováno zeleným kruhem s bílými liniemi, které vytvářejí dojem zeměkoule. 

Obrázek samotný nezobrazuje žádný konkrétní zlevněný produkt ani cenu. Jedná se pouze o logo obchodu.

Na obrázku je promoční leták hypermarketu, který propaguje produkty od Mlékárny Kunín. Zlevněné produkty jsou:

*   **Kunín Pohár** - mléčný dezert v různých druzích (jahoda, borůvka, čokoláda), balení 150g. Původní cena byla 20,90 Kč, nyní je zlevněn na 13,90 Kč (sleva 33%). Cena za 100g je 9,27 Kč.
*   **Kunín Smetana 12%** - balení 200g. Původní cena byla 27,90 Kč, nyní je zlevněn na 18,90 Kč (sleva 32%).

V horní části letáku je nápis "Cítíme zásady beskydské mlékárny", který zdůrazňuje regionální původ a kvalitu produktů. V dolní části letáku je webová adresa mlékárny: www.mlekarna-kunin.cz.

Na obrázku je prezentováno zlevněné mléko Kunin Lehké ráno 1,5% bez laktózy. 

**Popis produktu:**

*   **Název:** Kunin Lehké ráno
*   **Typ:** Mléko UHT
*   **Obsah tuku:** 1,5%
*   **Vlastnost:** Bez laktózy
*   **Objem:** 1 litr

**Akce/sleva:**

*   **Původní cena:** 34,90 Kč
*   **Sleva:** 28%
*   **Nová cena:** 24,90 Kč

**Text na obrázku:**

*   "Mléko bez laktózy. Lehké, snadno stravitelné."
*   "Snížený obsah laktózy."
*   "Zdravý svět."
*   Webové stránky výrobce: www.mlekarna-kunin.cz

**Další detaily:**

Na obrázku je vyobrazena bílá krabice s mlékem a sklenice naplněná mlékem. V pozadí jsou ilustrace rostlin.

lo "y
Bonduelle

“UU q

Ceskä republika

Snack IT

Krajanek Cottage

95-120 g

Obrázek zobrazuje reklamní banner hypermarketu Globus. V levé části je naznačen oranžový produkt (pravděpodobně pomeranč nebo podobné ovoce). V pravé části je nápis "Můj Globus" velkým bílým písmem. Pod nápisem je menší text "každý dny svěží zboží za skvělé ceny". Celkový dojem je, že jde o reklamu na čerstvé zboží za výhodné ceny v hypermarketu Globus.

Obrázek ukazuje zlevněný produkt z hypermarketu. Původní cena produktu byla 44,90 Kč, která byla přeškrtnuta. Nyní je produkt nabízen za 29,90 Kč s celkovou slevou 33%. Kolem ceny 29,90 Kč se nachází symbol srdce a nápis "Můj Globus", což naznačuje, že se jedná o produkt v rámci věrnostního programu hypermarketu Globus. V horní části obrázku je nápis "AKCE!", který zdůrazňuje výhodnou nabídku. Navíc se v horní části nachází další sleva -22%, která se vztahuje na původní cenu, než byla vypočtena finální cena s 33% slevou.

abhidce take

Kureci a kruti Sunka 200 g za 49,90

## VÁŠ SVĚT NÍZKÝCH CEN

Obrázek zobrazuje balíček šunky „ŠUNKA BOHEMIA“ s označením „POCTIVÁ“. 

**Text na obalu:**

*   **„ŠUNKA BOHEMIA“** - název produktu.
*   **„POCTIVÁ“** - označení kvality.
*   **„90 %“** - výrazná akční cena, pravděpodobně ve slevě.
*   **„Slevová akce“** - malý text v levém horním rohu s výší slevy
*   **„Složená cena pro Vás“** - informace o ceně produktu.
*   Dále jsou zde drobné texty s popisem složení a výživových hodnot.
*   V horní části je viditelný nápis „100“ a nad tím je letopočet „1927“.
*   Obrázek staršího muže s čepicí je pravděpodobně spojený s historií značky.
*   Na obalu se opakuje nápis „POCTIVÁ BOHEMIA“.

Jedná se o reklamní leták nebo obal produktu ve slevě.

Obrázek zachycuje zlevněný produkt v hypermarketu.

*   **Původní cena:** 25,90 Kč
*   **Sleva:** 23%
*   **Nová cena:** 19,90 Kč
*   **Další sleva:** 30%
*   **Konečná cena:** 17,90 Kč
*   **Značka/Program:** „Můj Globus“ (logo ve tvaru srdce)

Jedná se o akční nabídku s postupným zlevňováním.

Obrázek zobrazuje výrazný reklamní leták na zlevněný produkt v hypermarketu, pravděpodobně v síti Globus.

**Popis:**

*   **Původní cena:** 64,90 Kč.
*   **První sleva:** -23 %. Cena po první slevě je 49,90 Kč.
*   **Druhá sleva:** -30 % s nápisem "Můj Globus".
*   **Finální cena:** 44,90 Kč.

Leták je barevný, s výraznými čísly a procenty, aby upoutal pozornost zákazníků. Je jasně vidět, že se jedná o slevovou akci s postupným zlevňováním produktu.

kruti sunka 200 g za 49 90

Fuet Extra ng - LA ruzne druhy

Obrázek zachycuje reklamní ceduli s označením slevy. V horní části je nápis "AKCE!". Původní cena produktu je 74,90 Kč, která je přeškrtnutá. Pod ní je uvedena nová, snížená cena 44,90 Kč. Vedle ceny je kruh s nápisem "-40%", což naznačuje, že slevy činí 40%.

Obrázek zobrazuje výhodnou nabídku v hypermarketu. Původní cena produktu byla 69,90 Kč, nyní je zlevněna na 54,90 Kč. Sleva činí 21 %. Text "AKCE!" upozorňuje na zvýhodněnou cenu. Čísla 90 v cenách jsou napsána menším písmem, aby se zdůraznila celková cena.

## Dušená šunka výběrová

200 g

100 g = 22,45

V akční nabídce také Kuřecí a krůtí šunka 200 g za 49,90

Na obrázku je balení dušené šunky značky LE&CO. Balení je průhledné, takže je vidět růžová šunka uvnitř. Na přední straně balení je modrý štítek s nápisem „Dušená šunka výběrová“. Pod tím je menším písmem napsáno „Mercato“. Na modrém štítku je také červená cena, která je ale rozmazaná a nečitelná. Balení je obklopeno barevnými prvky, které pravděpodobně naznačují různé druhy ovoce a zeleniny.

Na obrázku je zlevněný produkt s označením „baleno“. Původní cena produktu byla 89,90 Kč, nyní je zlevněn na 69,90 Kč. Sleva činí 22 %.

Štěpánovské kuřecí mleté maso

500 g 100 g = 13,98 Česká republika

Na obrázku je balení mletého masa značky Rabbit. Balení je plastové, s částečně viditelným obsahem – mletým masem růžové barvy.

Na štítku je uvedeno:

*   **RABBIT** - název značky.
*   **ŠTĚPÁNSKÉ MASO** - druh masa.
*   **Maso z drůbeže** - druh původu.
*   "Výroba v České republice"
*   **GARANCE PŮVODU 100%** - zdůrazňuje původ masa.
*   "Pro chov zvířat v dobrých podmínkách"
*   "Svěží maso"
*   **300g** - hmotnost balení.

Štítek má grafické prvky – ilustraci kuřete a symbol vlajky České republiky.


-

9490

15%

Obrázek zobrazuje vlajku České republiky a text "Česká potravina". To naznačuje, že se jedná o reklamní sdělení nebo označení pro potravinu, která má původ v České republice a je pravděpodobně nabízená za výhodnou cenu v hypermarketu.

79

90

Prima Zmrzlina různé druhy

900 ml

100 ml = 8,88

Na obrázku je balení zmrzliny Prima Vanilková s čokoládovým toppingem. Zmrzlina je na žlutém podkladu a je zalita čokoládou. V horní části je logo Prima. Pod logem je nápis "Prima" v červené barvě. Pod tím je nápis "Vanilková s čokoládovým toppingem". V levém dolním rohu jsou ikony, pravděpodobně označující složení nebo certifikáty. Nejde o zlevněný/výhodný produkt, ale o klasické balení zmrzliny. Bohužel cena není na obrázku vidět.

Na obrázku je zlevněný produkt z hypermarketu. Původní cena produktu byla 89,90 Kč, nyní je zlevněna na 54,90 Kč. Sleva činí 38 %. Text "AKCE!" upozorňuje na výhodnou cenu produktu.

## Pizza Ristorante

různé druhy 216-390 g 100 g od 14,08

Obrázek zobrazuje krabici mražené pizzy Ristorante Pizza Quattro Formaggi od výrobce Dr. Oetker. Na krabici je vyobrazena částečně rozkrojená pizza s bohatou sýrovou náplní.

Na krabici se nachází následující text:

*   **Ristorante** – název řady pizzy.
*   **Pizza Quattro Formaggi** – druh pizzy (čtyři sýry).
*   **Richer Topping** – bohatá náplň
*   **Crispier Base** – křupavější základ
*   **Delicier Taste** – lahodnější chuť

Cena není na obrázku vidět.

Fuet Extra

170 g

100 g = 32,29

Obrázek zobrazuje slevovou ceduli s informací o zlevněném produktu. Původní cena produktu byla 41,90 Kč, nyní je zlevněna na 29,90 Kč. Sleva činí 28%. Cedule je červenobílá a nese nápis "AKCE!".

Krajánek Cottage pomazánka různé druhy 100 g

Na obrázku je balení pomazky Cottage s lososem výrobce Krajánek. Balení je z plastu a na štítku je nápis „KRAJÁNEK“ v zelené barvě. Pod tím je nápis „POMAZKA COTTAGE S LOSOSEM“ psaný bílým písmem na tmavě modrém pozadí. Pod tím je nápis „ORIGINÁLNI RECEPTURA“. V pravém dolním rohu je samolepka se slovem „SLEVA“ a nápisem „KRAJÁNEK ZE SVĚTA“. Na štítku je také čárový kód. Cena produktu je uvedena menším písmem: 109,90.

Obrázek zobrazuje balíček fuet, španělského suchého salámu. Balíček je bílý s červeným logem výrobce v horní části. Uprostřed je vizuálně zobrazen samotný salám fuet. V dolní části je vidět španělská vlajka a označení "Slevová cena 99,90 Kč".

## Pečená masová sekaná

500 g 41

různé druhy 100 g = 5,98

Na obrázku je balení nakrájené šunky. Jedná se o výrobek "Krány", konkrétně "Dělená Krkovička". Na etiketě je vyobrazen obrázek šunky s petrželí.

Na etiketě se nachází text:
* **Krány** - název výrobce.
* **Dělená Krkovička** - název výrobku.
* **...** - text je částečně nečitelný, ale pravděpodobně se jedná o další informace o výrobku nebo jeho složení.

V levém horním rohu je uvedena cena. Je částečně nečitelná, ale zdá se, že se jedná o cenovku s akční slevou.

-

6390

29%

44

Pelmeni různé druhy

400 g

100 g = 11,23

Obrázek zachycuje obal mražených pelmeňů značky "PDVAR".

Na obalu je vyobrazena hromada vařených pelmeňů, doplněných snítkami petrželky, plátkem česneku a nakrájenou cibulí.

Text na obalu:

*   **Pelmeni** – název produktu
*   **s vepřovým masem** – popis náplně
*   **400g** – hmotnost produktu
*   **5-7min** – doporučená doba vaření
*   Logo PDVAR je v horní části.
*   V levém horním rohu je modrá ikona sněhové vločky, která indikuje, že se jedná o mražený produkt.

Produkt je nabízen jako výhodný nákup v hypermarketu. Cena není na obrázku uvedena.

Na obrázku je propagace zlevněného produktu – mražené kukuřice značky Bonduelle. 

**Detaily produktu:**

*   **Značka:** Bonduelle Gold
*   **Produkt:** Zlatá kukuřice (mražená)
*   **Hmotnost:** 300 g

**Akce:**

*   **Sleva:** 25 %
*   **Původní cena:** 39,90 Kč
*   **Akční cena:** 29,90 Kč

**Text na obrázku:**

*   „AKCE!“ – Hlavní slogan propagace.
*   „NA MRAŽENOU ZELENINU ZNAČKY BONDUELLE“ – Označuje, na jakou skupinu produktů se akce vztahuje.
*   „PŘÍKLAD CENY“ – Upozorňuje, že se jedná o ilustrační cenu.
*   Uvedena je původní cena i cena po slevě.
*   Na obalu výrobku je napsáno „Zlatá kukuřice“.

90

Na obrázku je zlevněný produkt s nápisem "AKCE!". Původní cena produktu byla 119,90 Kč, nyní je zlevněn na 69,90 Kč. Sleva činí 41 %.

Klobása MÚÚÚ různé druhy 300 g 100 g = 23,30

-

19990

35%

129

90

baleno

Uzené šunkové kolínko 1 kg

Obrázek zobrazuje zlevněnou vepřovou šunku, prezentovanou na dřevěné prkýnku. K šunce jsou přiloženy tři cherry rajčata. Vlevo nahoře je vidět část žluté cenovky, ale text na ní není čitelný.

Obrázek zobrazuje reklamu na zlevněný produkt. Původní cena produktu byla 229,90 Kč, nyní je zlevněna o 34 % na 149,90 Kč. Reklama je vizuálně výrazná, s použitím červené barvy a velkých fontů pro upoutání pozornosti. Slovo "AKCE!" signalizuje výhodnou nabídku.

Aljašská treska file porce 1 kg

Na obrázku je balení nakrájeného eidamu. Na přední straně je vidět stoh nakrájených plátků eidamu v plastovém obalu. Na obalu je samolepka s informacemi o produktu a ceně.

**Cena produktu je 99,90 Kč.**

Je pravděpodobné, že se jedná o akční cenu, vzhledem k výraznému nápisu a designu samolepky. Dále je na samolepce napsáno:
*   **Název:** Eidam
*   **Hmotnost:** 500g

Ostatní text je příliš malý nebo rozmazaný, abych ho mohl přečíst.

Na obrázku je zlevněná zmrzlina značky MROŽ. Platí sleva 40% na všechny zmrzliny této značky. 

Původní cena zmrzliny je 24,90 Kč, nová cena po slevě je 14,90 Kč.

Poctivá

šunka různé druhy 100 g

Obrázek zobrazuje logo hypermarketu Globus. Slovo "Globus" je napsáno velkými oranžovými písmeny s bílým lemováním na oranžovém pozadí. Nad a pod textem jsou zelené geometrické obrazce ve tvaru koule. Logo slouží k identifikaci a propagaci hypermarketu Globus, který nabízí široký sortiment zboží za výhodné ceny.

Snack IT Kabanos různé druhy 95-120 g AC: 100 g od 41,58 KC: 100 g od 37,42

Na obrázku je obal na tyčinky Kabano's. Produkt je označen jako "SNACK IT". V horní části je nápis "Xtra Large". Pod ním se nachází výraz "Kabano's chilli". V dolní části je nápis "NOVÁ CENA" a následně cena **39,90 Kč**. Na obalu je také logotyp s textem "100% Maso". Celkový vzhled naznačuje zlevněný produkt v hypermarketu.

Obrázek ukazuje balení kartáčku na nádobí s červenými štětinami a šedou rukojetí. Balení je transparentní a obsahuje značku "MÚÚÚ", což je pravděpodobně značka výrobce. 

Na spodní části balení je zelený proužek s nápisem "MÍSTÍČKA - PRÁDLO", což naznačuje, že kartáč je vhodný pro čištění mís a praní.  

Cena není na obrázku vidět.

L1%

AMY y URI

Viva

Kucharek

ral

11

Rajcatovy protlak

Bramborove noky a mininoky

300 q

AC: 100 g = 14,14 KC: 100 g = 12,71

10 q

AC: 100 a = 5,98 KC: 100

Na obrázku je logo hypermarketu Globus. Slovo "Globus" je napsáno velkými oranžovými písmeny s bílým stínem na žlutém pozadí. Logo je obklopeno zeleným ornamentem ve tvaru zeměkoule.

Obrázek pravděpodobně signalizuje slevy a výhodné nabídky v hypermarketu Globus. Neobsahuje žádné konkrétní informace o cenách produktů.

GNOCENi di patate

Obrázek zobrazuje zlevněný produkt z hypermarketu. Má dvě části. 

Horní část je červená s nápisem "VYHODNĚ!". Pod ním je velkým červeným písmem cena **9,90 Kč**.

Spodní část je zelená s logem "MŮJ GLOBUS" a srdíčkem. Pod tím je velkým červeným písmem nová, zlevněná cena **8,90 Kč**.

Obrázek tedy prezentuje slevu na produkt, původní cena 9,90 Kč byla snížena na 8,90 Kč.

Brolio

Slunecnicovy olej

Obrázek zachycuje reklamní štítek s označením zlevněného produktu. V levé horní části je napsáno slovo „AKCE!“ červeným písmem. Původní cena produktu je 134,90 Kč, která je přeškrtnutá. Pod ní je nová cena 79,90 Kč, napsaná výrazně větším a tučnějším písmem. V pravém horním rohu je kruh s nápisem „-40%“, což značí výši slevy. Celkově štítek informuje o slevové akci na daný produkt.

Tabasco různé druhy 57-60 ml 100 ml od 133,17

Obrázek zachycuje reklamu na zlevněný produkt z hypermarketu. 

**Popis:**
Reklama má červenobílý design. Nahoře je nápis "AKCE!". V kruhu je uvedena sleva -28%.

Původní cena produktu je 139,90 Kč, která je přeškrtnutá. Nová, zlevněná cena je 99,90 Kč, která je zobrazena výrazněji.


omacka

Oreo O´s Cereálie 320 g 100 g = 31,22

Obrázek zobrazuje krabici snídaňových cereálií Oreo O's. Cereálie jsou tmavě hnědé a světle hnědé, podobné sušenkám Oreo. Jsou zachyceny v misce s mlékem. V horní části krabice je velké logo "OREO O'S CEREAL". V pravém dolním rohu je vidět štítek s informací "10", pravděpodobně naznačující množství porcí nebo nějakou akci. Jedná se o produkt z hypermarketu nabízený za zvýhodněnou cenu.

Na obrázku je reklama na zlevněné luštěniny a přílohy značky Arax. Konkrétně jsou zde zobrazeny tři balíčky:

*   **Čočka** - balení 500g
*   **Fazole** - balení 500g
*   **Cizrna** - balení 500g

Reklama hlásá slevu až -27%.

Text na obrázku:

*   **AKCE!** - Hlavní nápis upozorňující na slevu.
*   **NA LUŠTĚNINY A PŘÍLOHY ZNAČKY ARAX** - popis zboží, na které se akce vztahuje
*   **-27%** - velikost slevy

Na obrázku je reklama na zlevněnou konzervovanou zeleninu značky Bonduelle. Konkrétně jsou zobrazeny dvě konzervy:

*   **Bonduelle Gold - Zlatá kukuřice:** Konzerva s fotografii zlate kukuřice.
*   **Bonduelle - Hrášek:** Konzerva s fotografii hrášku.

**Text na obrázku:**

*   **AKCE!** – upozorňuje na probíhající slevovou akci.
*   **NA VYBRANOU KONZ. ZELENINU BONDUELLE** – specifikuje, na co se sleva vztahuje.
*   **-36%** –  označuje výši slevy, a to 36%.

Viva

Rajčatový protlak

70 g

AC: 100 g = 14,14 KC: 100 g = 12,71

Na obrázku je plechovka rajčatového protlaku značky VIVA. Plechovka má červené pozadí s vyobrazením rajčat a bílé oválné pole s nápisem "Viva". Pod tím je napsáno "Rajčatový protlak". V pravém dolním rohu je uvedena cena **19,90 Kč**.

Obrázek zobrazuje láhev pikantní omáčky Tabasco. Na štítku je nápis „TABASCO BRAND PEPPER SAUCE“. Cena ani informace o slevě nejsou na obrázku viditelné.

## VÁŠ SVĚT NÍZKÝCH CEN

Krikiiv d

KSTKOVA tort

8990

-

-

55%

3990

61%

34
34

90
490

349
34

90
90

Mio, Maggi napady

Obrázek zobrazuje cenovku z hypermarketu s informací o slevě.

*   **Původní cena:** 599,90 Kč je přeškrtnutá.
*   **Sleva:** 41 %
*   **Nová cena:** 349,90 Kč je zobrazena výrazně, aby upoutala pozornost zákazníků.
*   **Text:** Nahoře je nápis "AKCE!".

Ondoliva Olivový olej extra panenský 1,5 l 1 l = 233,27

Obrázek zobrazuje reklamní banner hypermarketu Globus s nápisem "Můj Globus". V levém horním rohu je logo Globusu a v dolní části je drobný text, který je čitelný jen částečně. Na banneru je také červené srdíčko. Pravděpodobně jde o propagaci věrnostního programu nebo speciální nabídky. Konkrétní cena nebo zlevněný produkt není na obrázku vidět.

Třtinový Cukr

1 kg

Na obrázku je balení cukru Trtivý cukr Přírodní. Na přední straně je velké písmo „TRTIVÝ CUKR“ a pod tím slovo „Přírodní“. Na spodní části je výraz „SLEVA 20%“. Cukr je zobrazem na pozadí s ilustrací stonků cukrové třtiny.

Obrázek zobrazuje velkou plastovou láhev olivového oleje značky Ondoliva. Na štítku je nápis "Ondoliva" a pod ním nápis "Extra Virgin Olive Oil". V horní části štítku je žlutý pruh s nápisem "XXL".  Pravděpodobně se jedná o zlevněný produkt, o čemž svědčí označení "XXL". Na štítku je ještě vidět ilustrace olivových větviček. Cena není přímo uvedena, ale z kontextu se dá usuzovat, že se jedná o zvýhodněné balení.

Obrázek zachycuje reklamní leták na zlevněné dochucovadlo značky Kucharek. 

**Popis produktu:** Jde o balení koření Kucharek, pravděpodobně univerzálního. Na obalu je vyobrazen kuchař v kuchařské čepici a pod ním fotografie různých druhů zeleniny.

**Textový popis:**

*   **„AKCE!“** - hlásí výprodej.
*   **„NA DOCHUCVADLA ZNAČKY KUCHAREK“** - upřesňuje, že sleva se týká produktů této značky.
*   **„PŘÍKLAD CENY“** - informuje, že uvedená cena je ilustrativní.
*   **„54,90“** - původní cena produktu.
*   **„40,90“** - zlevněná cena produktu.
*   **„-25%“** - výše slevy, která je uvedena na dvou místech na obrázku.

Obrázek zachycuje slevovou cedulku z hypermarketu, pravděpodobně z prodejny Globus. Jedná se o vícefázovou slevu. 

*   **Původní cena:** 49,90 Kč
*   **První sleva -40%:** Po slevě 40% je cena 29,90 Kč
*   **Druhá sleva -46%:** Po další slevě 46% je finální cena 26,90 Kč

Text na cedulce:
*   **AKCE!** – upozorňuje na probíhající akci
*   **MŮJ GLOBUS** – logo prodejny

44

90

Brölio

Slunečnicový olej

1 l

Obrázek zobrazuje cenovku s nápisem "VYHODNĚ!". Cena produktu je 84,90 Kč. Níže se nachází několik procent, pravděpodobně označujících slevu.

Exotic Food

Sladká čili omáčka

725 ml

100 ml = 11,71

Bramborové noky a mininoky

500 g

AC: 100 g = 5,98 KC: 100 g = 5,38

Obrázek zobrazuje balení těstovin gnocchi di patate (bramborové noky) od značky Cucina Italiana. V levém horním rohu je nápis "Gnocchi di patate", což je italský název pro bramborové noky. Pod tím se nachází logo "Cucina Italiana".  V levém dolním rohu je vyznačen výprodej s nápisem "80% sleva", a pod tím je cena "59,90 Kč". Na obrázku je viditelné balení těstovin s obrázkem noků v omáčce a zeleninou.

Obrázek zobrazuje plastovou láhev s rostlinným olejem značky Bröllio. Na štítku je vyobrazen slunečnicový motiv a nápis "Bröllio - rafinovaný slunečnicový olej". Cena produktu je 79,90 Kč.

Na obrázku je láhev omáčky Exotic Food s názvem "Sladká čili omáčka". Na etiketě je vyobrazena fotografie pokrmu s omáčkou a chilli papričkami.

Na etiketě se dále nachází nápisy:

*   **Exotic Food** - název značky
*   **Skladka čili omáčka** - název produktu
*   **Výhodná cena** (na horní části) - signalizuje, že se jedná o zlevněný produkt.
*   **19,9⁰** - cena produktu v Kč.
*   **70%** - procentuální slevu.



Na obrázku je reklamní leták s nabídkou zlevněné sójové omáčky značky Kikkoman. Je zde vidět dvě lahvičky sójové omáčky.

Text na letáku:

*   **AKCE!** - upozorňuje na probíhající slevovou akci.
*   **NA SOJOVÉ OMÁČKY ZNAČKY KIKKOMAN** - specifikuje, na jaké produkty se sleva vztahuje.
*   **-45%** - vyjadřuje výši slevy.

Na obrázku je reklama na zlevněné produkty značky Dr. Oetker. Nabídka se týká pekárenských směsí, jak slaných, tak sladkých, s 30% slevou. Zobrazeny jsou dva konkrétní produkty:

*   **Krtekův dort:** Krátková torta s obrázkem Krtečka na obalu.
*   **Choco Love:** Balení s čokoládovými dortíčky.

Obrázek obsahuje text "AKCE!", "NA PEČÍCÍ SLANÉ I SLADKÉ SMĚSI ZNAČKY DR.OETKER" a "30%".

Na obrázku je zlevněný produkt Maggi, konkrétně instantní nudle s omáčkou v různých druzích.

**Popis produktu:**

*   **Název:** Maggi Asia, Dobrý Hostinec, Amore Mio, Maggi nápadné těstoviny s omáčkou, různé druhy
*   **Hmotnost:** 30-153 g
*   **Cena:** 32,90 Kč
*   **Cena za 100 g:** 21,50 Kč
*   **Označení:** Produkt je označen jako "Výhodné!" a je patrné, že jde o zlevněný produkt.

Na obrázku je reklama na akci s produkty Maggi. Nabídka spočívá v možnosti vyhrát pánev. K získání pánev je nutné zakoupit 15 kusů produktů Maggi. Na obrázku jsou vyobrazeny dva druhy nudlí Maggi Stir-Fry Noodles: v příchuti Teriyaki a v příchuti Chicken Curry.

**Text na obrázku:**

*   "VYHRAJTE PÁNEV FABINI" - hlavní slogan akce.
*   "15 kusů" - počet zakoupených produktů pro možnost výhry.
*   "Akce se vztahuje na vybrané výrobky Maggi v období od 1. 3. 2025 do 30. 4. 2025." - informace o platnosti akce a na jaké produkty se vztahuje.
*   "Více informací naleznete na www.nestle-akce.cz" - odkaz na webovou stránku s podrobnějšími informacemi o akci.

Figaro Coko Piskoty

en

4 BERCOFF } «

Obrázek zobrazuje reklamní leták hypermarketu Globus. Na letáku je vyobrazeno logo Globusu v levém horním rohu a vpravo nápis "Můj Globus" velkým bílým písmem s červeným srdcem. Pod tím je drobnějším písmem napsáno "TAKY SE SVĚTÍ POČI VAŠE PŘÁNÍ". Celý leták má zelené pozadí s oranžovým páskem vlevo. Není zde žádná cena ani konkrétní produkt, pouze obecná reklama na hypermarket.

Obrázek zachycuje zlevněný produkt s informací o staré a nové ceně. 

*   **Horní část:** Označuje původní cenu produktu, která činí 27,90 Kč. Nad cenou je nápis „VYHODNĚ!“ v červeném rámečku.
*   **Spodní část:** Ukazuje novou, zlevněnou cenu 24,90 Kč. Je umístěna pod logem "Můj Globus" s ikonou srdce.

Celkově obrázek informuje zákazníka o slevě na daný produkt.

Obrázek zachycuje cenovku s nápisem "VYHODNĚ!" nahoře a cenou "49,90" velkým červeným písmem. Cena je v českých korunách a desetinná místa jsou oddělena čárkou. Předpokládá se, že se jedná o cenu zlevněného produktu v hypermarketu.

Hobžovy

Strážnické

brambůrky

česnekové a jemně

solené

300 g

100 g = 16,63

## VÁŠ SVĚT NÍZKÝCH CEN

Obrázek zobrazuje zlevněný produkt v hypermarketu. Původní cena produktu byla 54,90 Kč, která byla slevou 38 % snížena na 33,90 Kč. Následně byla cena znovu zlevněna o 45 %, čímž se konečná cena dostala na 29,90 Kč. V dolní části je logo „Můj Globus“.

Obrázek zachycuje dva štítky s cenovkami z hypermarketu, pravděpodobně z prodejny Globus.

*   **Horní štítek:** Je červený s nápisem "VYHODNĚ!". Cena je uvedena jako 9,90 Kč.
*   **Dolní štítek:** Je zelený s nápisem "Můj Globus" a symbolem srdce. Cena je uvedena jako 7,90 Kč.

Z obrázku vyplývá, že se jedná o zlevněný produkt, původní cena byla 9,90 Kč a nová cena je 7,90 Kč.

Figaro Čoko Piškoty různé druhy

147 g

## Maretti Bruschette Chips

AC: 100 g = 18,98 KC: 100 g = 16,94

Na obrázku je balení sušenek "Coko piškoty" od firmy Opavia. Balení je v červených barvách s bílým nápisem "Coko piškoty". Pod nápisem je napsáno "Mileno". Na obalu jsou zobrazeny sušenky potažené čokoládou. Jedná se o zlevněný/výhodný produkt z hypermarketu. Cena není na obrázku uvedena.

Obrázek zachycuje obal většího rodinného balení bramborových chipsů značky Party.

Na obalu je vyobrazeno následující:

*   **Party balení:** Označení, že se jedná o velké, rodinné balení.
*   **Hořčičné:** Chuť chipsů.
*   **Strážnické bramburky:** Název produktu.
*   **Jemná sůl:** Důraz na jemnost soli.
*   **Zlevněno:** Na obalu je vidět kulaté logo s nápisem „Zlevněno“.
*   **Cena:** V dolní části obalu je uvedena cena produktu: 69,90 Kč.
*   **Logo obchodu:** V pravém dolním rohu je logo hypermarketu Albert.

Obal má žluté pozadí s prvky evokující oslavu. V centru je vyobrazeno několik chipsů s posypem a otevřená miska s chipsy. Celkově se jedná o reklamní snímek, který láká zákazníky na výhodnou cenu a chuť bramborových chipsů.

Obrázek zachycuje propagační štítek s informací o zlevněném produktu.

V horní části štítku je nápis "AKCE!". Vedle něj je umístěn kruhový štítek s nápisem "-33%", který indikuje procentuální slevu.

Původní cena produktu je vyznačená jako "32,90 Kč", přičemž je přeškrtnuta, což naznačuje, že se nejedná o aktuální cenu.

Nová, snížená cena je zvýrazněna červeným písmem jako "21,90 Kč".

Celkový dojem je, že se jedná o reklamu na produkt, který je nyní levnější o 33 % a prodává se za 21,90 Kč.

## Opavia Zlaté Polomáčené

různé druhy 145-150 g 100 g od 14,60

Na obrázku je balení sušenek Opavia Polomáčené, s příchutí čokolády. Balení má žlutou barvu s červenými prvky.

**Text na obalu:**

*   **OPAVIA** (logo značky)
*   **1898** (rok založení značky)
*   **Polomáčené** (název sušenek)
*   **hořké / mléčné** (varianty příchutí)
*   **Rodinné balení**
*   **150g** (hmotnost)

Na balení je také symbol označující, že jde o výhodné rodinné balení. Cena není na obrázku uvedena.

29 90

Teekanne Čaj bylinný, funkční různé druhy 16-54 g 100 g od 55,37

Na obrázku je krabička bylinkového čaje Teekanne Žaludek a střeva.

Na přední straně krabičky je velké logo Teekanne s nápisem "1882" a obrázek konvice. Pod tím je napsáno "Žaludek a střeva" velkým písmem. Pod tím je menším písmem uvedeno "Bylinná směs vhodná pro zažívací a střevní procesy".

Vlevo dole je menší logo Teekanne a nápis "10 sáčků 8,2 g".
Na pravé straně je nápis v červeném rámečku, ale text je nečitelný.
Celkový vzhled naznačuje, že se jedná o zlevněný/výhodný produkt, pravděpodobně v hypermarketu.

Na obrázku je reklama na zlevněnou kávu Jacobs Velvet.

**Popis produktu:**

*   **Produkt:** Káva Jacobs Velvet
*   **Typ:** Zrnková nebo mletá (není specifikováno, na které se akce vztahuje)
*   **Původní cena:** 499,90 Kč
*   **Sleva:** 30%
*   **Výsledná cena:** 349,90 Kč

**Text na obrázku:**

*   **„AKCE!“** – Hlavní slogan, upozorňující na slevu.
*   **„NA VYBRANOU ZRNOVOU A MLETOU KÁVU ZNAČKY JACOBS VELVET“** – Popis produktu, na který se akce vztahuje.
*   **„PŘÍKLAD CENY“** - Upozornění, že cena je ilustrační.
*   **„-30%“** – Označení výše slevy, opakující se v kruhových rámečcích.

Obrázek je barevný a design je typický pro reklamní letáky hypermarketů.

různé druhy 140 g AC: 100 g = 24,21 KC: 100 g = 21,36

Obrázek zachycuje balení chipsů značky Maretti Bruschette s příchutí Mushroom & Thyme. Na obalu je znázorněna mísa plná chipsů s houbami a bylinkami, vedle ní miska s bílým krémem. 

Text na obalu:
* **Maretti** – název značky
* **OVEN BAKED** – chipsy jsou pečené, nikoliv smažené
* **Bruschette CHIPS** – typ chipsů a jejich chuť
* **MUSHROOM & THYME** – příchuť chipsů (houby a tymián)

Bohužel cena není na obrázku vidět, takže nelze říci, zda se jedná o zlevněný produkt a jaká je jeho cena.

Na obrázku je reklamní cedulka z hypermarketu, která láká na výhodnou cenu produktu. 

**Text na cedulce:**

*   **"VYHODNĚ!"** -  Jedná se o výkřik, který má upoutat pozornost a signalizovat, že se jedná o zlevněný produkt.
*   **"37⁹⁰"** -  Cena produktu je 37,90 Kč. Číslo 90 je napsáno menším fontem, což signalizuje desetinná místa.

Jedná se o běžný typ reklamy v obchodech, která má motivovat zákazníky k nákupu.

Bohemia Kotlíkové brambůrky různé druhy 100 g

Obrázek zobrazuje balení bramborových chipsů Kotlíkové od výrobce Bohemia. Balení má červenou barvu s bílým podkladem. Na přední straně je výrazně napsáno „Kotlíkové Brambůrky“ a pod tím „Mořská sůl“. V dolní části balení je vidět cena, která je v malém fontu a je uvedena jako 29,90 Kč. Zdá se, že jde o zlevněný nebo výhodný produkt, protože je cena zvýrazněna. Na obrázku jsou také zobrazeny chipsy Kotlíkové.

Na obrázku je červeně orámovaný štítek s nápisem "VYHODNĚ!". Uprostřed je velkým červeným písmem zobrazena cena "29⁹⁰". Malým písmem pod čísly je uvedeno "90", což značí haléře. Pod cenou jsou opakovaně uvedena procenta, která pravděpodobně slouží jako dekorace.

## Lotus Sušenky

různé druhy 150-250 g 100 g od 11,96

Na obrázku je balení sušenek Biscoff od výrobce Lotus. Balení je červené barvy a na přední straně je velké bílé logo "Biscoff". Nad logem se nachází logo Lotus ve tvaru květu. Vpravo je vyobrazen jeden Biscoff sušenka. V dolním pravém rohu je uvedena váha produktu - 250g. Cena není na obrázku vidět.

Na obrázku je zlevněný produkt. Původní cena produktu je 139,90 Kč, která je přeškrtnutá. Nová cena po slevě je 89,90 Kč. Uvedena je sleva -35%. V horní části je nápis "AKCE!".

Lipton Čaj různé druhy 138-200 g 100 g od 44,95

Na obrázku je balení sypaného čaje Lipton Yellow Label. Balení má žluté pozadí s bílými vlnkami.

**Text na balení:**

*   **Lipton:** Značka čaje.
*   **YELLOW LABEL:** Označuje konkrétní řadu čaje Lipton.
*   **RICH NATURAL TASTE:** Popisuje chuť čaje jako bohatou a přirozenou.
*   **100 sáčků:** Udává množství sáčků čaje v balení.
*   **ZLEVNĚNO O 49,90 Kč:** Uvádí, že je produkt zlevněn o 49,90 Kč.
*   V pravém horním rohu je uvedeno **„DOVOZ“** a na balení je zobrazen symbol recyklace.
*   Na balení je ilustrace šálku čaje s lístkem.

Obrázek zobrazuje reklamní leták s informací o slevě na žvýkačky Orbit a Airwaves.

**Popis produktu:**

Na obrázku jsou zobrazeny dva balíčky žvýkaček Orbit ve velikosti XXL. Jeden balíček má zelenou barvu a druhý modrou.

**Text na obrázku:**

*   **AKCE!** - velký nápis upozorňující na probíhající akci.
*   **-25%** - nápis uvádí výši slevy na produkty.
*   **NA VYBRANÉ ŽVÝKAČKY ZNAČKY ORBIT A AIRWAVES** - vysvětlení, na jaké produkty se sleva vztahuje.
*   **XXL** - označení velikosti balení žvýkaček.

Cena na obrázku není uvedena.

## Papita

různé druhy

18-33 g

AC: 100 g od 30,- KC: 100 g od 23,94

Obrázek zobrazuje zlevněný produkt v hypermarketu. Původní cena produktu byla 59,90 Kč, nyní je zlevněna na 29,90 Kč. Zlevnění činí 50 %.

Bohemia Z Pece chipsy

různé druhy

100 g

Na obrázku je balení bramborových chipsů Bohemia Z pece s příchutí mořské soli. 

Na přední straně balení je vidět výrazné logo "Bohemia" v červené barvě. Pod ním je nápis "Z PECE" a pod tím "MOŘSKÁ SŮL". V dolní části balení je vidět modrý rámeček s nápisem „-70%“ s menším fontem „PŘEDCHOZÍ CENA“, což naznačuje, že produkt je ve slevě. Uvedená cena není vidět, ale sleva je 70%.

Obrázek zobrazuje kruhovou samolepku, která signalizuje novinku v hypermarketu Globus. 

*   **Barvy:** Samolepka je kombinací zelené a bílé barvy. Horní polovina je zelená, dolní polovina bílá.
*   **Symbol:** V zelené části je stylizovaná hvězda.
*   **Text:** Na bílé části je napsáno velké písmeny slovo "NOVÉ" a pod ním menším písmem "v Globusu".

Samolepka slouží k označení produktů, které jsou nově v nabídce v hypermarketu Globus.

Orion Margot různé druhy

Obrázek zobrazuje cenu zlevněného produktu v hypermarketu. Dominantním prvkem je velké červené číslo "14" s menším číslem "90" v dolní indexu, což značí cenu 14,90 Kč. Nad cenou se nachází nápis "VYHODNĚ!" v červeném písmu. Spodní část je orámovaná řadou procentních znaků, což naznačuje slevu.

80 g 100 g = 18,63

Obrázek ukazuje obal sušenky Margot. Jde o čokoládovou sušenku s kokosem. 

Na obalu je velké bílé písmo "Margot". Pod ním je obrázek sušenky s viditelnou čokoládovou polevou a kokosovou náplní. V pozadí je modré nebe a vycházející slunce.

V levém dolním rohu je nutriční tabulka a označení (čísla a barvy) pravděpodobně indikující výživové hodnoty a kategorii produktu.

-

37

90

29%

26

90

Bercoff Čaj ovocný a bylinný různé druhy 24-40 g 100 g od 67,25

Na obrázku je balení ovocného čaje značky Bercoff v příchuti grep a jahoda. Na obalu je zobrazena čerstvá jahoda, plátky grepu a lístky zeleně. 

Text na obalu:

*   **BERCOFF** - Značka čaje.
*   **Prémiový ovocný čaj** - Označení typu čaje.
*   **GREP JAHODA** - Příchuť čaje.
*   **Zdroj zinku** - Informace o obsahu zinku v čaji.

Na obalu je také vidět výhodové označení nebo slevovou nálepku, ale cena není čitelná.

Na obrázku je reklama na zlevněné cukrovinky Lentilky od výrobce Orion. Platí sleva 30%. Na obrázku jsou dva druhy Lentilek: s bílou čokoládou a s modrou barvou a hvězdičkami.

Obrázek obsahuje logo hypermarketu Globus. Je tvořeno oranžovými písmeny s bílým stínem, umístěnými v obrysu zeměkoule s zelenými plochami. Jedná se o logo, které signalizuje možnost nákupu zboží v tomto obchodním řetězci. Cena ani žádný konkrétní zlevněný/výhodný produkt nejsou na obrázku viditelné.

Obrázek zobrazuje logo hypermarketu Globus. Je provedeno v oranžové barvě s bílým ohraničením a zeleným pozadím ve tvaru zeměkoule. Text "Globus" je napsán velkým písmem.

Nemohu popsat zlevněný/výhodný produkt, protože na obrázku žádný není.

Obrázek zobrazuje reklamní leták na instantní kávu Jacobs Velvet. 

**Popis produktu:**

Na letáku jsou dva druhy kávy Jacobs Velvet Crema:

*   **Jacobs Velvet Crema** (v červené nádobě) - označená jako "original".
*   **Jacobs Velvet Gold Crema** (v tmavě hnědé nádobě) - označená jako "gold".

Obě nádoby mají objem 500g a jsou označeny nápisem "Sourcing for better".

**Text na obrázku:**

*   **"Najdi svůj Velvet"** - Hlavní slogan reklamy.
*   **"VYHODNĚ!"** - Upozornění na zlevněný produkt.
*   **"159⁹⁰"** - Cena zlevněného produktu v českých korunách (Kč).
*   **"Jacobs Velvet instantní káva 500g"** - Popis produktu.
*   **"100g = 31,98Kč"** - Cena za 100g produktu.
*   **"Sourcing for better"** - Označení na produktech, zdůrazňující původ a kvalitu surovin.

Leták má tmavě zelené pozadí s elegantními zlatými detaily a vzory, které zdůrazňují prémiový charakter produktu.

## platnost 23. 4. – 29. 4. 2025

Obrázek obsahuje logo hypermarketu Globus. Logo je oválné, s oranžovým nápisem "Globus" a zeleným detailem ve tvaru planety Země. Jedná se o reklamu hypermarketu, kde se dají nakoupit potraviny a další produkty za výhodné ceny.

Omlouvám se, ale na obrázku nevidím žádný zlevněný produkt ani text. Je zde pouze fotografie palmových stromů. Proto nemohu popsat žádný produkt ani vysvětlit text, který by na obrázku byl.

## Druid prémiové trtinové cukry patri mezi nejkvalitnéjsi na svete!

Pochäzeii prevazné z exotickych ostrovú Mauricius a Réunion, které jsou proslulé nejen svou unikätni pfirodou, ale take ideálnim klimatem pro péstovani prvotriani cukrové titiny.

## 100% prirodni slozeni

Cukry Druid jsou nebarvené, chemicky nerafinované a plné prirodnich minerálú. Diky Setrnemu zpracoväni si zachovávají svou jedineënou chuf a aroma.

## Eticka a udrzitelna vyroba

Spolupracujeme pouze s peclivé vybranymi dodavateli z Mauritius Sugar Syndicate, ktefí se zavázali k udrzitelnému zemedeistvi. Düraz kladou na efektivni vyuZivéni prirodnich zdrojü, ekologickou odpovédnost a dodrzoväni etickÿch a sociälnich standardu.

Obrázek zachycuje pole kukuřice s nápisem "Druid" v červeném rámečku. Jedná se o reklamní leták, pravděpodobně hypermarketu, který nabízí kukuřici ve zlevněné ceně. Bohužel není vidět konkrétní cena ani procento slevy.

Na obrázku je vidět kruhové označení produktu s nápisem „100% Natural“. Uvedená cena je 2,00 Kč. Zlevněný produkt z hypermarketu s přírodním složením.

Na obrázku je balení cukru třtinového s názvem "Mauritius". Balení má tvar štítu s motivem tropické krajiny, konkrétně pláže a palmy. Dominantní barvy jsou hnědá, béžová a bílá.

Na přední straně balení je velkým písmem nápis "Mauritius" a pod ním "Cukr třtinový". Pod tímto nápisem je anglický překlad "Coffee Crystals". V levém horním rohu je nápis "Cane sugar" a v dolní části je logo "Drud".

Balení je umístěno na paletě spolu s dalšími baleními cukru, což naznačuje, že se jedná o zlevněný nebo výhodný produkt nabízený v hypermarketu.


Obrázek zachycuje balení cukru značky Druid, konkrétně třtinového cukru "very dark". 

*   **Grafický design:** Balení má výrazný etnický design s modrými a hnědými vzory, které připomínají africké motivy. V horní části je logo značky Druid.
*   **Text na obalu:**
    *   **TŘTINOVÝ CUKR:** Hlavní nápis, který identifikuje produkt.
    *   **very dark:** Uvádí typ cukru - velmi tmavý.
    *   **Přírodní cukr z cukrové třtiny (nebarvený):** Popisuje původ a vlastnosti cukru.
    *   **skvělý na pečení + do teplých nápojů:** Doporučuje použití cukru.

Cena produktu na obrázku není uvedena.

Na obrázku je balení cukru značky Druid, konkrétně cukru trstinového Mauritius Dry Demerara. 

Na přední straně balení je vidět nápis:

*   **Druid** (značka)
*   **Mauritius** (typ cukru)
*   **CUKR** (velkým písmem, označuje produkt)
*   **TRSTINOVÝ** (určení cukru)
*   **Dry Demerara** (konkrétní druh trstinového cukru)
*   **Zlevněno** - je vidět nápis "Zlevněno", který signalizuje, že produkt je ve slevě.

Balení má modrou barvu s ilustracemi cukrové třtiny. Je zřetelný nápis "PREMIUM" ve zlaté hvězdě.

Na obrázku je balení cukru třtinového přírodního. Balení je světle béžové barvy s ilustrací listů cukrové třtiny v tmavě hnědé barvě.

Na přední straně balení je velkým písmem nápis "TŘTINOVÝ CUKR". Pod tím je menším písmem doplněno "Přírodní". V levém dolním rohu je malé kulaté logo s nápisem "CANE SUGAR". Cena produktu není na obrázku vidět.

Obrázek zobrazuje balíček cukru značky Druid. Jedná se o třtinový cukr "very dark" (velmi tmavý). Balení má výrazný etnický vzor v červené, oranžové a modré barvě. 

Na přední straně balení je napsáno:

*   **Druid** (logo značky)
*   **TŘTINOVÝ CUKR** (hlavní název produktu)
*   **very dark** (typ cukru)
*   **skvělý na pečení - do teplých nápojů** (popis využití)
*   Malý modrý rámeček s textem: **Přírodní cukr nerafinovaný z cukrové třtiny**

Cena produktu není na obrázku viditelná.

Prirodni trtinove cukry DRUID spicková kvalita z exotickych ostrovu

ViniumeExclusive @ |. VVHODNE! | Semtex L VWVHODNE! | Professorado ruzné druhy e | Amnn |! rüuznédruhy | amnmaann IP

Obrázek ukazuje logo hypermarketu Globus. Text "Globus" je napsán velkými oranžovými písmeny s bílým stínem. Písmena jsou uspořádána v oblouku kolem zelené kulaté grafiky, která připomíná Zemi nebo planetu. Celý design signalizuje výprodej nebo akční nabídku v rámci hypermarketu Globus.

## VÁŠ SVĚT NÍZKÝCH CEN

L

Na obrázku je reklama hypermarketu Globus s nápisem "Můj Globus". V levém horním rohu je logo Globusu a v dolní části text "TAKY SE DIVÍTE, CO VŠECHNO MÁME?". Reklama je zelené barvy s oranžovým detailem v levé části a červeným srdíčkem. Neobsahuje informace o ceně konkrétního produktu.

Obrázek zachycuje cenu zlevněného produktu v hypermarketu. V horní části je červený rámeček s nápisem "VÝHODNĚ!" a cenou 109,90 Kč. Pod tím se nachází zelený rámeček s logem "Můj Globus" a cenou 98,90 Kč. Jedná se o slevu, protože původní cena je přeškrtnuta a nová cena je zvýrazněna.

## Vinium Exclusive

pozdní sběry různé druhy

0,75 l

## Semtex

energetický nápoj různé druhy

0,5 l

AC: 1 l = 146,53 KC: 1 l = 131,87

Obrázek zobrazuje slevovou cedulku z hypermarketu Globus. Horní část cedulky je červená s nápisem "VYHODNĚ!" a cenou původní 22,90 Kč. Spodní část je zelená a obsahuje logo "Můj Globus" ve tvaru srdce a novou, zlevněnou cenu 19,90 Kč. Jedná se o reklamní materiál lákající zákazníky ke koupi produktu za sníženou cenu.

AC: 1 l = 45,80 KC: 1 l = 39,80

Obrázek zachycuje zlevněný produkt z hypermarketu. Jedná se o štítek s cenovkou.

**Popis:**

*   **Horní část štítku:** Červené pole s textem "VYHODNĚ!" a cenou **199,90 Kč** velkým fontem.
*   **Spodní část štítku:** Zelené pole s logem "Můj Globus" a srdíčkem, pod ním cena **179,90 Kč** velkým fontem.

**Význam:**

Štítek informuje zákazníky, že produkt je zlevněný. Původní cena byla 199,90 Kč a nová, zlevněná cena je 179,90 Kč. Logo "Můj Globus" naznačuje, že se jedná o nabídku v hypermarketu Globus.

ruzne druny EE Jakostni vina m | 38 /

Obrázek zobrazuje lahev vína. Na etiketě je napsáno "VINIUM", pod tím "TREBBIANO" a pod tím "IGT delle Venezie". V dolní části etikety je symbol, který připomíná pečeť. Pod etiketou je cena, která je velmi špatně čitelná, ale odhadem jde o 119,90 Kč. Láhev má standardní tvar pro bílé víno. Pozadí je zelené, pravděpodobně z regálu v hypermarketu.

0/51 Po —\_-.1 ruzné druhy

051

Na obrázku jsou dva plechovky energetického nápoje Semtex. 

*   **Levá plechovka:** Je žlutá s černými geometrickými vzory a nápisem "ORIGINAL" nahoře. Pod nápisem je šipka směřující doprava a název značky "Semtex". Dole je nápis "ENERGY DRINK" a pod tím "CARBONATED". Níže je uvedeno složení a objem 500ml.
*   **Pravá plechovka:** Má stejný design, ale je zelená a nápis nahoře zní "CACTUS". Stejně jako u levé plechovky, následuje šipka a název "Semtex" a dole nápis "ENERGY DRINK" a "CARBONATED" spolu se složením a objemem 500ml.

Obě plechovky vypadají jako součást akce v hypermarketu.

Obrázek zobrazuje cedulku s nápisem "VYHODNÉ!". Pod tím je velkými červenými číslicemi cena **89,90 Kč**. Pod cenou jsou malé symboly procent (%) v řadě. Cedulka signalizuje, že se jedná o zlevněný produkt v hypermarketu.

Obrázek zachycuje výraznou cenovku s nápisem "VYHOODNĚ!" nahoře. Pod tím je velkými červenými číslicemi zobrazena cena "79⁹⁰". Desetinná část "⁹⁰" je menší a umístěna ve spodní části čísla 79, což signalizuje cenu 79,90 Kč. Spodní část cenovky je tvořena řadou procentuálních znaků (%). Obrázek celkově naznačuje, že se jedná o zlevněný produkt v hypermarketu.

## JP.Chenet

různé druhy

0,75 l

1 l = 119,87

Francie

## Château Valtice

jakostní vína různé druhy 0,75 l 1 l = 106,53

Starobrno a m | Proud 04 Absolut tradicni (ne M svetly lezak D 2/4 | Vodka

Na obrázku je lahev bílého vína. Na štítku je nápis "SAL VINE", pod ním je logo a pod tím název vína "Tramín červený". Pod tím je nápis "MORAVA". V levém horním rohu je rámeček s nápisem "VINA Z MORAVY VINA Z ČECH". V levém dolním rohu je rámeček s cenovkou, která není plně čitelná, ale lze usoudit, že se jedná o zlevněný produkt.

Na obrázku je láhev bílého vína značky JP Chenet. Na štítku je nápis "JP Chenet" a pod ním "Médoc Blanc". Cena na štítku je 169,90 Kč. Láhev je světle žluté barvy a má úzké hrdlo.

Obrázek zobrazuje červenou cedulku s nápisem "VYHODNĚ!". Pod ním je zobrazena cena **11⁹⁰ Kč**, kde "⁹⁰" je napsáno menším písmem, což signalizuje desetinná místa. Jedná se o reklamní cedulku propagující zlevněný nebo výhodný produkt v hypermarketu.

Obrázek zachycuje výhodný reklamní štítek z hypermarketu. Hlavním prvkem je výrazné červené číslo "18⁹⁰", což znamená cenu 18,90 Kč. Nad cenou je nápis "VÝHODNĚ!" červenou barvou. V dolní části štítku jsou vidět procenta, pravděpodobně označující procentuální slevu na daný produkt. Celkový dojem je, že se jedná o reklamu na produkt nabízený za atraktivní cenu.

## Starobrno

## tradiční

světlé výčepní pivo 0,5 l

1 l = 23,80

- + záloha 3,-

Na obrázku je zlevněná láhev piva značky Proud. Láhev má typický tvar pro pivo a je naplněna zlatavým ležákem.

Na etiketě je nápis "proud" velkými bílými písmeny. Pod ním je nápis "LEŽÁK". V dolní části etikety je cena **29,90 Kč**.

Na obrázku je zelená skleněná láhev piva Staropramen. Na etiketě je nápis "Staropramen" a pod ním "TRADIČNÍ". Výše je znázorněno logo Staropramenu s heraldickým motivem červeného štítu s bílým jednorožcem. Na láhvi je patrný nápis s akční cenou, ale je příliš malý na to, abych jej mohl přečíst.

ruzné druhy

15 |

Obrázek zobrazuje reklamní štítek s informací o zlevněném produktu. 

*   **Text:** Na štítku se nachází nápis "AKCE!", který upozorňuje na slevovou akci. Dále je uvedena původní cena **19,90 Kč** a nová, zlevněná cena **14,90 Kč**. Vedle zlevněné ceny je uveden kruhový štítek s nápisem "-25%", který signalizuje výši slevy.
*   **Design:** Štítek má červenobílý design s výraznými číslicemi, aby upoutal pozornost zákazníků.

## Gemerka Botanica

minerální voda s příchutí různé druhy 1,5 l

1 l = 9,93

## Proud

světlý ležák sklo

0,33 l

1 l = 57,27

+ záloha 3,-

Na obrázku jsou dvě plastové lahve minerální vody Gemerka. V popředí je vidět značka "GEMERKA" napsaná bílými písmeny na modrém pozadí. Pod názvem je text "PRIPRAVOK" menším písmem. V dolní části lahve je žlutý pruh se zelenými a bílými prvky. Na etiketě je také text "CHUTNÉ OŽIVUJÍCÍ".

Obrázek naznačuje výhodné balení, protože jsou na něm zobrazeny dvě lahve. Bohužel, cena není uvedena.

Obrázek zachycuje reklamní štítek s informací o zlevněném produktu.

*   **Text:** „AKCE!“ a „-33%“ naznačují, že se jedná o slevovou akci.
*   **Původní cena:** 29,90 Kč je přeškrtnuta, což znamená, že už neplatí.
*   **Nová cena:** 19,90 Kč je zobrazena výrazně a představuje novou, zlevněnou cenu produktu.

Celkově obrázek informuje zákazníky o produktu, který je v akci a prodává se za sníženou cenu.

VVHODNE!

## Mattoni Imuno

ochucená minerální

voda sycená

různé druhy

0,7 l

1 l = 28,43

Budweiser Buavar

Original, Budvar 55

Obrázek ukazuje zelený štítek s nápisem "NOVÉ v Globusu". Štítek má tvar kruhu a v horní části je vyobrazena bílá hvězda. Nápis "NOVÉ" je psán velkými, tučným písmem a pod ním je menším písmem uvedeno "v Globusu". Štítek naznačuje, že se jedná o nový produkt nebo nabídku v hypermarketu Globus. Žádná cena není uvedena.

Na obrázku je promo akce na pivo Budvar. Vidíme dvě lahve Budvaru a letenku s nápisem:

**"Souťaž s Budvarom"** - Soutěž s Budvarem.
**"Kup 4 produkty Budvar a VYHRAJ cestu kolem světa pro dva"** - Kup 4 produkty Budvar a vyhraj cestu kolem světa pro dva.
**"Letecky do 100 dovolených ciell"** - Letecky do 100 dovolených cílů.

Pod tím je QR kód, který pravděpodobně vede na webové stránky s pravidly soutěže.

19 90

Budweiser Budvar Original, Budvar 33 světlý ležák 0,5 l

1 l = 39,80

+ záloha 3,-

149

90

## Stará myslivecká

38 %

0,5 l

1 l = 299,80

## Professorado

karibský rum 35−38 % různé druhy 0,5 l

AC: 1 l = 399,80

KC: 1 l = 359,80

Obrázek zobrazuje láhev kořalky "Stará myslivecká". Jedná se o lihovinu s obsahem alkoholu 52%. Na etiketě je vidět nápis "Stará myslivecká – Pravá ovocná pálenka". Pod tímto nápisem je text "Vyrobeno z jablek a hrušek". Láhev má objem 0,7 litru. 

Na obrázku jsou tři zlaté medaile:

*   **WSGC 2019** – World Spirits Competition Gold
*   **CWSA** – China Wine & Spirits Awards Gold
*   Další medaile s textem **Gold**.

Cena produktu je 1 389,90 Kč, což je uvedeno v levém dolním rohu obrázku menším písmem.

Na obrázku je reklama na zlevněnou vodku Absolut.

**Popis produktu:**

*   **Název:** Absolut Vodka (a Absolut Mango)
*   **Objem:** 0,7 l
*   **Alkohol:** 38-40 %
*   **Typ:** Různé druhy
*   **Původní cena:** 469,90 Kč
*   **Sleva:** 29 %
*   **Nová cena:** 329,90 Kč

**Text na obrázku:**

*   **"AKCE!"** – upozorňuje na slevovou nabídku.
*   **"Absolut Vodka"** – označení produktu.
*   **"38-40% různé druhy"** – udává obsah alkoholu a varianty produktu.
*   **"0,7 l"** – udává objem balení.
*   Text na etiketách vodky Absolut obsahuje informace o původu, destilaci a obsahu alkoholu.



Pfanner merunka, Jahoda,

Na obrázku je PET lahev s nápojem Imuno od značky Mattoni. Lahev má objem 1,5 litru a je zelené barvy. Přední strana je označena nápisem „Imuno“ velkými bílými písmeny na oranžovém pozadí. Pod ním je text „B6, D3, B12, Zinek“ a pod tím je menší text popisující, že se jedná o osvěžující nápoj s vitamíny a minerály. Na etiketě je vyobrazena ilustrace pomerančů.

Lahev je na akční ceně: 29,90 Kč.

Na obrázku je cenovka s označením "VYHODNĚ!". Je na ní zobrazena cena 34,90 Kč za produkt Pfanner, konkrétně se jedná o směs plodů: meruňka, jahoda, černý rybíz a borůvka. Množství produktu je 1 litr (1 l).

Obrázek zobrazuje dva litrové kartony džusů značky Pfanner. 

*   **Levý karton:** Obsahuje džus z meruňky (Aprikose). Na kartonu je zobrazen pohár plný džusu a několik čerstvých meruňek. Zlevněný štítek hlásí cenu 59,90 Kč.
*   **Pravý karton:** Obsahuje džus z lesních plodů (Johannisbeere). Na kartonu je zobrazen pohár plný džusu a hromada lesních plodů. Zlevněný štítek hlásí cenu 59,90 Kč.

Oba kartony mají označení "1L", což značí objem jednoho litru.

Na obrázku je zelená plastová láhev s nápojem Imuno. Na etiketě je napsáno:

*   **MATTONI** - značka
*   **imuno** - název nápoje
*   **B6, D3, B12, Zinek** - výpis vitamínů a minerálů obsažených v nápoji
*   **jahoda, kiwi, ananas** - příchutě
*   **1,5l** - objem
*   **19,9⁰** - cena

Produkt je evidentně nabízen ve výhodném balení, jak naznačuje nápis na etiketě.

Na obrázku je reklama na zlevněné alkoholické nápoje značky Stock a Amundsen.

**Produkt:** Stock a Amundsen míchané nápoje
**Typ:** Alkoholické (6% alkoholu)
**Objem:** 0,25 l
**Cena:** 39,90 Kč
**Cena za 11 kusů:** 439,90 Kč (uvedeno menším písmem)

**Text na obrázku:**

*   **"VÝHODNĚ!"** - Zvýrazňuje akční cenu.
*   **"MÍCHANÉ DRINKY"** - Popisuje kategorii produktu.
*   **"JAKO OD BARMANA"** -  Marketingový slogan, naznačující kvalitu a chuť.
*   Na plechovkách jsou uvedeny konkrétní příchutě: Mule, Oranž Spritz, Vodka & Soda, Violet Gin & Tonic, a Oranž Citrus.

Na obrázku jsou zobrazeny plechovky nápojů různých příchutí.

## platnost 23. 4. – 29. 4. 2025

Obrázek zobrazuje logo hypermarketu Globus. Je to oranžové písmo "Globus" na oranžovém pozadí, obklopené zeleným ornamentem ve tvaru zeměkoule. Ostatní informace o produktu nejsou z obrázku čitelné.

Obrázek ukazuje reklamní leták na šumivé víno Cavignon. Jsou zde tři lahve:

*   **Levá lahev:** Cavignon Demi Sec, šumivé víno.
*   **Střední lahev:** Cavignon Brut, šumivé víno.
*   **Pravá lahev:** Cavignon Rosé Demi Sec, šumivé víno.

Mezi lahvemi jsou dvě sklenice naplněné šumivým vínem a ozdobené malinami. V dolní části letáku je text:

*   **Cavignon** - název značky
*   **šumivé víno** - popis produktu
*   **různé druhy** -  nabídka různých variant
*   **1.099,-** - cena šumivého vína (jeden tisíc devadesat devět korun českých)
*   **AKCE! -33%** -  oznamuje slevovou akci a výši slevy (33%)
*   Vpravo dole malá francouzská vlajka.

Celkový dojem z letáku je zaměřen na luxus a oslavu, podpořený elegantním designem a využitím malin jako dekorace.

Obrázek zobrazuje cenovku s informací o slevě. Původní cena produktu byla 149,90 Kč, nyní je produkt ve slevě 33 % a nová cena je 99,90 Kč. Text „AKCE!“ zdůrazňuje výhodnou nabídku.

Cavignon šumivé víno různé druhy 0,75 l 1 l = 133,20 Francie

34 TTRO, IRS

LUI

SoftDent

Obrázek zobrazuje propagační leták hypermarketu Globus. Na zeleném pozadí je napsáno "Můj Globus" velkým bílým písmem. V levém horním rohu je logo Globusu. Vlevo je vyobrazen oranžový citrus. Pod nápisem "Můj Globus" je menší text "slevy ke kterékoliv hodnotě nákupu".

"ex allaflex

ve

PLATNOST STRANY 16. 4. –6. 5.

Na obrázku je cena zlevněného produktu v hypermarketu. 

*   Původní cena: 114,90 Kč
*   První sleva: 30 %
*   Cena po první slevě: 79,90 Kč
*   Druhá sleva: 37 %
*   Finální cena: 71,90 Kč
*   Značka: Můj Globus

Na štítku je nápis "AKCE!".

## SoftDent

mezizubní kartáčky různé druhy

6 ks

AC: 1 ks = 13,32

KC: 1 ks = 11,98

Na obrázku je balení mezizubních kartáčků SOFTdent Butterfly. Jsou oranžové a bílé. 

Na obalu je napsáno:
*   **SOFTdent** - značka mezizubních kartáčků.
*   **Butterfly** - model mezizubních kartáčků.
*   **6 ks** - množství kartáčků v balení.
*   **29,90** - cena kartáčků v korunách českých.
*   Logo značky, která balení nabízí.

Na obrázku je červenobílý štítek s nápisem "VYHODNĚ!". Pod ním je velkým červeným písmem zobrazena cena **99⁹⁰ Kč**. Pod cenou jsou opakovaně zobrazeny znaky procenta (%). Štítek je typický pro označení zlevněných produktů v obchodech.

Signal White Now zubní pasta různé druhy 75 ml 100 ml = 133,20

Obrázek zobrazuje zubní pastu Signal White Now. 

Na přední straně balení je vlevo velké logo "Signal" v bílé barvě s modrým obrysem. Vpravo je nápis "WHITE NOW" ve velkých bílých písmenech. Pod tím je drobnějším písmem "IMMEDIATELY WHITEER TEETH" (Okamžitě bělejší zuby).

V dolní části balení je nápis "CLINICALLY PROVEN - IN ONE WEEK" (Klinicky prokázáno - za jeden týden). 

V pravém horním rohu je cena 49,90 Kč.

Obrázek zobrazuje výhodný produkt, pravděpodobně z hypermarketu. Na bílém pozadí je výrazně napsáno "VYHODNĚ!" červeným fontem. Pod tím je červeným, velkým písmem cena: 139⁹⁰ Kč. Pod cenou je několik procent, naznačující možnou slevu.

## Garnier Olia

barva na vlasy různé odstíny

Na obrázku je balení barvy na vlasy Garnier Olia v odstínu 9.0 – světle plavá. 

Na obalu je napsáno:
* **GARNIER OLIA:** Název produktu.
* **Složení s oleji:** Zdůrazňuje, že barva obsahuje oleje.
* **BEZ AMONIAKU, AMONIA a NELKOL:** Upozorňuje na složení bez těchto látek.
* **-60%:** Indikuje slevu 60% na produkt.
* **9.0:** Označuje odstín barvy – světle plavá.
* **Šetrná barva pro krásné a zdravé vlasy:** Popisuje účinek produktu.

Produkt je pravděpodobně v akci/slevě v hypermarketu.

Obrázek zachycuje reklamu na zlevněný produkt. Původní cena produktu byla 249,90 Kč, která je přeškrtnutá. Nyní je produkt nabízen za cenu 199,90 Kč. V horní části reklamy je nápis "AKCE!" v červeném provedení. V kruhovém rámečku je uvedena sleva 20%. Celkový dojem je zaměřen na informování zákazníka o slevě a nové ceně produktu.

## Mixa

tělový krém různé druhy 400 ml 100 ml = 49,98

Obrázek zachycuje reklamní štítek s informací o zlevněném produktu.

**Text na štítku:**

*   **"MNOŽSTEVNÍ SLEVA"**: Označuje, že sleva se vztahuje na nákup více kusů.
*   **"Cena za kus při koupi 2 kusů"**: Vysvětluje, že uvedená cena platí pouze při koupi dvou nebo více kusů daného produktu.
*   **"379,90"**: Původní cena produktu v korunách českých (Kč).
*   **"399,90"**: Zlevněná cena produktu v korunách českých (Kč).

Štítek je vizuálně rozdělen na dvě části: horní červenou a dolní bílou. Červená část signalizuje zlevnění produktu.

Na obrázku je balení krému Mixa Urea Cica Repair+ renewing cream. Jedná se o krém pro suchou a poškozenou pleť.

**Text na obalu:**

*   **Mixa:** Název značky.
*   **Sensitive Skin Expert:** Upozorňuje, že se jedná o produkty pro citlivou pleť.
*   **Urea Cica Repair+:** Označení konkrétní řady a účelu krému - obnovující krém s ureou a cica (rozmarýn lékařský).
*   **Renewing cream:** Popis krému jako obnovujícího.
*   **10% [Urea & Niacinamide]:** Uvádí obsah účinných látek - 10% urea (močovina) a niacinamide (vitamin B3).
*   **Dry, rough, impaired:** Označuje pleť, pro kterou je krém určen.
*   **Hypoallergenic:** Krém je hypoalergenní.
*   **✓ From 7 days smoother, suppler & softer skin** - Po 7 dnech má být pleť hladší, pružnější a jemnější.
*   **✓ Skin control repair & protect** - Krém má pleť kontrolovat, opravovat a chránit.

Na levé straně je vidět loga s cenou a zlevněnou cenou (v tomto případě 219,90 Kč).

## Pampers

vlhčené ubrousky různé druhy 12× 52 ks, 1 ks = 0,64 9× 48 ks, 1 ks = 0,93 9× 44 ks, 1 ks = 1,01

Obrázek zobrazuje balení dětských plen Pampers Sensitive. Jedná se o výhodné balení 2x52 kusů. Vlevo dole je vidět logo „Slevomat“ a vpravo dole loga „Maxi“ a „Hypernova“.

Na obalu je nápis "2x52" s obrázkem plenek. V horní části je logo Pampers a text "Sensitive". Vedle je růžový rámeček s nápisem "2 v 1 Gently Cleans & Protects", dále pak tři bubliny s nápisy "0% Latex", "0% Parfum", "0% Lokální Látky".  Vlevo nahoře je červené procento, indikující slevu.

Balení je zřejmě v akci a je dostupné v obchodech Maxi a Hypernova.

## VÁŠ SVĚT NÍZKÝCH CEN

## Axe  Axe Axe  Axe

sprchový gel sprchový gel různé druhy různé druhy 400 ml 400 ml AC: 100 ml = 27,48 AC: 100 ml = 27,48 KC: 100 ml = 24,23 
KC: 100 ml = 24,23 sprchový gel sprchový gel různé druhy různé druhy 400 ml 400 ml AC: 100 ml = 27,48 AC: 100 ml = 27,48 KC: 100 ml = 24,23 
KC: 100 ml = 24,23

Obrázek zachycuje zlevněnou cenu produktu v hypermarketu. 

V horní části je červený štítek s nápisem „VYHODNĚ!“ a původní cena „109,90 Kč“ (90 haléřů je zapsáno menším fontem).

Pod ním je zelený štítek s nápisem „MŮJ GLOBUS“ a nová, zlevněná cena „96,90 Kč“ (opět 90 haléřů menším fontem).

Zřejmě se jedná o reklamní štítek informující zákazníky o cenové slevě na určitý produkt v obchodě Globus. Vedle číselné hodnoty je vidět část textu, který pravděpodobně popisuje název produktu a jeho množství.

Obrázek ukazuje dva štítky s cenovkami, pravděpodobně z hypermarketu. 

**Horní štítek:**

*   **Text:** "VYHODNĚ!" - signalizuje, že se jedná o zlevněný produkt.
*   **Cena:** 49,90 Kč (49 korun a 90 haléřů). Cena je napsána velkým červeným písmem.

**Dolní štítek:**

*   **Text:** "MŮJ GLOBUS" a srdíčko - pravděpodobně se jedná o věrnostní program hypermarketu Globus.
*   **Cena:** 44,90 Kč (44 korun a 90 haléřů). Cena je napsána velkým černým písmem na bílém pozadí.

Celkově obrázek informuje o ceně produktu a akční slevě v hypermarketu Globus.

Na obrázku je balení sprchového gelu Axe Dark Temptation. Produkt je označen jako "XXL", což naznačuje větší balení. Na přední straně je logo "Axe" a nápis "Dark Temptation - Smooth Chocolate Scent". Pod tím je nápis "Limited Edition". Produkt je označen jako "Total Relax". Cena není vidět.

Obrázek zachycuje cenovku se zlevněným produktem. Původní cena je 109,90 Kč, která je přeškrtnutá. Nová, snížená cena je 64,90 Kč. V horní části je nápis "AKCE!" a v kruhu je uvedena sleva 40%.

Lacalut zubní pasta různé druhy 75 ml 100 ml = 86,53

Na obrázku je zubní pasta Lacalut aktiv. Je to bílá tuba se červeným proužkem a nápisem "LACALUT aktiv" velkými písmeny. Pod nápisem je malý text popisující účinky pasty: "Medicínální zubní pasta. Vypadá usnadňuje a posiluje dásně. Chrání před vznikem dásní, parodontózy a zubním kazem." Vpravo na tubě je logo s obrázkem zubu. 

V horní části tuby je cenovka s nápisem "39,90 Kč" a nad tím "sleva 20%".


Obrázek zobrazuje reklamní štítek s informací o zlevněném produktu.

*   **Text:** Štítek obsahuje text "AKCE!" a "−15%".
*   **Původní cena:** 105,90 Kč je přeškrtnutá.
*   **Nová cena:** 89,90 Kč je zobrazena velkým červeným písmem.

Štítek informuje o slevě 15 % na produkt, který je nyní k dispozici za 89,90 Kč namísto původních 105,90 Kč.

## Wellaflex

lak na vlasy, pěnové tužidlo různé druhy 200–250 ml 100 ml = 35,96–44,95

Na obrázku je plechovka laku na vlasy WellaFlex. Na plechovce je nápis "WellaFlex" velkými bílými písmeny na světle hnědém podkladu. Pod ním je nápis "Long lasting flexible hold" menším písmem.  Níže se nachází modrý proužek s nápisem "hairspray", "Flexibil Extra Strong hold".

Cena je uvedena jako **123,5** Kč. Je zřejmé, že jde o zlevněný produkt, protože původní cena je přeškrtnutá a je uvedena nová, nižší cena.

79

90

## Garnier

deodoranty různé druhy 50–150 ml 100 ml = 53,27–159,8

Obrázek zobrazuje cenovku s nápisem "VYHODNÉ!". Cena je 96,90 Kč. Nápis "VYHODNÉ!" signalizuje zlevněný nebo akční produkt.

## Nivea

dvoufázový odličovač očí a make-upu 125 ml 100 ml = 77,52

Na obrázku je deodorant Garnier Mineral.

**Popis produktu:**

*   **Značka:** Garnier Mineral
*   **Typ:** Deodorant ve spreji
*   **Vlastnosti:** 6-v-1 ochrana 48h, neobsahuje hliník, respektuje přirozenou mikroflóru pokožky, testováno pod dermatologickou kontrolou, hypoalergenní.
*   **Vůně:** Floral Fresh
*   **Další text:**
    *   „ALPHA-ALUMINUM FREE“ – bez hliníku
    *   „0% ALCOHOL“ – bez alkoholu
    *   „SAFE SKIN. BREATHE“ - pro zdravou pokožku, která dýchá

Cena produktu není na obrázku vidět.

Obrázek ukazuje sprej Nivea na čištění pleti. Sprej je v modrobílé kombinaci barev. Na štítku je napsáno:

*   **NIVEA** - Značka produktu.
*   **ODMAŠŤUJÍCÍ** - Označuje, že produkt odstraňuje mastnotu.
*   **ČIŠTÍCÍ PĚNA** - Typ produktu.
*   **PRO NORMÁLNÍ A SMÍŠENOU PLEŤ** - Určení pro jaký typ pleti je produkt vhodný.
*   **150 ml** - Objem produktu.

Pod těmito slovy se zdá být cena, která je v hypermarketu zlevněná. Cena je **109,90 Kč**.

Obrázek zachycuje reklamu na zlevněný produkt. Původní cena produktu byla 129,90 Kč, nyní je zlevněna na 89,90 Kč. Zlevnění činí 30%. Reklama je vizuálně výrazná a má upozornit zákazníky na výhodnou nabídku.

Obrázek zobrazuje logo hypermarketu Globus. Slovo "Globus" je napsáno velkými oranžovými písmeny s bílým vnitřkem a má zaoblené tvary. Logo je obklopeno zeleným ornamentem, který připomíná zemi. Jedná se o vizuální identifikaci obchodu Globus, který nabízí široký sortiment zboží za výhodné ceny.

Indulona krém na ruce různé druhy 75 ml AC: 100 ml = 66,53 KC: 100 ml = 59,87

Na obrázku je tuba krému Indulona Original.

Na tubě je napsáno:

*   **INDULONA** - Název produktu.
*   **ORIGINAL** - Označuje variantu produktu.
*   **48H síla beauty** -  Slogan zdůrazňující účinnost produktu.
*   **48h hydratace** -  Uvádí dobu trvání hydratačního účinku.
*   **3% lanolin** - Uvádí obsah lanolinu, což je hlavní složka krému.
*   **24H** -  Možná hodnota trvanlivosti.

Produkt je pravděpodobně ve slevě nebo akční nabídce v hypermarketu.

Kotex dámské tampony různé druhy 32 ks 1 ks = 2,81

Na obrázku je balení dámských tampónů Kotex Total Confidence. 

**Text na obrázku:**

*   **Kotex** - značka produktu
*   **TAMPO NS** - typ produktu (tampóny)
*   **TOTAL CONFIDENCE** - řada tampónů
*   **32 NORMAL** - počet kusů v balení a typ (normální absorpce)

Obrázek naznačuje zlevněný nebo výhodný produkt, pravděpodobně v hypermarketu. Konkrétní cena není na obrázku uvedena.

Obrázek zobrazuje zlevněný produkt, pravděpodobně z hypermarketu. Dominuje mu velké červené číslo „179⁹⁰“, což představuje cenu 179,90 Kč. Nad cenou je nápis „VYHODNÉ!“, který zdůrazňuje výhodnost nabídky. Spodní část obrázku obsahuje řadu znaků procent (%) a mohlo by jít o signalizaci procentuální slevy, ale to není jasné.

## Always Ultra

dámské vložky různé druhy 24–40 ks, 1 ks = 4,5,–7,5

Na obrázku je balení menstruačních vložek značky Always Ultra. Balení obsahuje 40 kusů vložek a je označeno jako "normal". Na přední straně balení je vidět obrázek vložky a logo značky Always. V levém horním rohu je výrazně označeno slevové procento "70%". V pravém dolním rohu je cena 149,90 Kč. Balení je modré a bílé. Na obalu je také logo „8h ochrana“ a text „Pads absorbante“.

Obrázek zobrazuje reklamu na zlevněný produkt z hypermarketu. Dominantní prvek je velký nápis "89⁹⁰", což představuje cenu produktu v českých korunách. Číslo 89 je výraznější, zatímco číslo 90 je napsáno menším písmem a umístěno jako exponent, což značí desetinná místa. Nahoře je nápis "VÝHODNĚ!", který zdůrazňuje, že se jedná o akční cenu. Pod cenou jsou rozmístěny symboly procent, které naznačují procentuální slevu.

## Palmolive

sprchový gel různé druhy 500 ml 100 ml = 17,98

Na obrázku je sprchový gel Palmolive Naturals Sensitive Skin Milk Proteins. Balení má bílou barvu s modrými vlnami a obrázkem kapky mléka. 

Text na obalu:
* **PALMOLIVE** - Značka sprchových gelů.
* **NATURALS** - Označuje přírodní složení.
* **Sensitive Skin Milk Proteins** - Určeno pro citlivou pleť s obsahem mléčných proteinů.
* **Bath & Shower Cream** - Typ produktu - krém do koupele a sprchy.
* **-25%** - Označuje slevu 25%.
* **Původní cena: 99,90Kč**
* **Nová cena: 74,90Kč**


Na obrázku je reklamní leták na zlevněné šampony a kondicionéry značek Monday a Maui. Zobrazený produkt je šampon Monday Volume, o objemu 250 ml.

**Text na obrázku:**

*   **AKCE!** - Obecné oznámení o probíhající akci.
*   **NA ŠAMPONY A KONDICIONÉRY ZNAČEK MONDAY A MAUI** - Upřesnění, na jaké produkty se akce vztahuje.
*   **PŘÍKLAD CENY** - Oznámení, že zobrazená cena je pouze příklad.
*   **199⁹⁰** - Původní cena produktu.
*   **129⁹⁰** - Akční cena produktu po slevě.
*   **-35%** - Výše slevy.
*   Na šamponu je napsáno: **Monday VOLUME SHAMPOO with Organic Argan Oil** a dále informace o objemu: **250 ml**

J VI SLVY

Draci gel

Woolite

16 roll

Vanish praci prostredky

odstranovac

Obrázek zachycuje leták hypermarketu s nabídkou zlevněných produktů. Zde je popis některých z nich:

*   **Vanish** odstraňovač skvrn, 1 kg za 134,90 Kč (zlevněno z 119,90 Kč).
*   **Woolite** prací prostředek, 60 dávek, za 199,90 Kč.
*   **Rex** prací gel, 60 dávek, za 339,90 Kč (zlevněno z 279,90 Kč).
*   **Jar** Platinum, kapsle do myčky, 125 ks, 599,90 Kč.
*   **Tento** toaletní papír, 8 rolí, za 119,90 Kč.
*   **Tento** super absorpční kapesníky, 90 ks, za 69,90 Kč.
*   **Sprite** proti prachu, 300 ml, za 99,90 Kč.
*   **Tento** papírové utěrky, 2 vrstvy, 60 kusů, za 159,90 Kč.
*   **Palmolive** tekuté mýdlo, 300 ml, za 119,90 Kč.
*   **Elmex** zubní pasta, 75 ml, za 89,90 Kč.
*   **DM** dětské vlhčené ubrousky, 4x52 ks, za 139,90 Kč.
*   **Rival** kuchyňská utěrka, 40x70 cm, za 79,90 Kč.
*   **Kosy** čaj, 25 sáčků, 39,90 Kč.
*   **Emily** instantní káva, 200 g, za 89,90 Kč.
*   **Globus** slunečnicový olej, 1 l, za 59,90 Kč.
*   **Globus** krystal cukr, 5 kg, za 149,90 Kč.

Text na letáku hlásá "Váš svět nízkých cen" a uvádí platnost nabídky od 23. 4. do 5. 5.

Ed

## platnost 23. 4. – 29. 4. 2025

Obrázek zobrazuje logo hypermarketu Globus. Je napsáno výrazným oranžovým písmem na žlutém pozadí a obklopeno zeleným kulatým rámem připomínajícím Zemi. Logo slouží k identifikaci obchodu a jeho zboží. Na obrázku není žádný konkrétní zlevněný produkt ani cena.

Obrázek zachycuje reklamní leták z hypermarketu. Zaměříme se na zlevněné/výhodné produkty:

**1. Kotex Young:**

*   **Produkt:** Balení hygienických potřeb pro menstruaci Kotex Young.
*   **Popis:** Balení obsahuje různé typy vložek (noční, denní, atd.).
*   **Původní cena:** 47,90 Kč.
*   **Sleva:** 22 %.
*   **Nová cena:** 36,90 Kč.
*   **Množství:** 1 ks = 4,1-5,2l.
*   **Text:** "Připravte svou dceru na její první menstruaci, hned teď."

**2. Jar – Prostředek na nádobí:**

*   **Produkt:** Balení prostředku na mytí nádobí Jar.
*   **Popis:** Nabídka je na balení 69,90 Kč.
*   **Množství:** 500ml
*   **Text:** "Mnohostná sleva."

**3. Jar – Kapsle do myčky:**

*   **Produkt:** Balení kapslí do myčky Jar Platinum.
*   **Popis:** Balení obsahuje 125 ks.
*   **Cena:** 599,90 Kč.
*   **Množství:** 1 ks = 4,8l

**Celkový text na letáku:**

*   "Získejte peníze zpět na váš účet".
*   "A vyhrajte chytrou televizi".
*   "Utratě 1000 Kč a získejte 250 Kč zpět".
*   Dále obsahuje drobné právní doložky a podmínky akce.

Celkově se jedná o reklamní leták, který nabízí slevy na hygienické potřeby a prostředky do domácnosti a zároveň motivuje zákazníky k nákupu prostřednictvím cashbacku a soutěže o televizi.

990

99

[Pad Wht IMAN GE wil WEI CU

Obrázek obsahuje leták s nabídkou zboží v hypermarketu Globus. Zaměřím se na popisy zlevněných/výhodných produktů a vysvětlím i text v letáku:

**Globální informace:**

*   **„Váš svět nízkých cen“** - Hlavní motto letáku.
*   **„Platnost: 23.4. - 6.5.“** - Uvádí platnost slevových akcí.
*   **„Můj Globus“** - Značka pro slevové akce v Globusu.

**Popis jednotlivých produktů a slev:**

1.  **Hrnkové povlečení**
    *   Materiál: 100% bavlna
    *   Rozměry: 70x90 a 140x200 cm
    *   Původní cena: 999,90 Kč
    *   Sleva: -40%
    *   Výsledná cena: 699,90 Kč

2.  **OHO deka fleece**
    *   Rozměry: 150x200 cm. Cena je 129,90 Kč.

3.  **Prostěradlo Andrea Simone**
    *   Materiál: 100% bavlna.
    *   Rozměr: 90x200x35 cm.
    *   Původní cena: 699,90 Kč
    *   Sleva: Zvýhodněná cena: 399,90 Kč

4.  **OHO koupelnová předložka**
    *   Rozměr: 60x90 cm
    *   Různé barvy
    *   Původní cena: 124,90 Kč.
    *   Sleva: -20%
    *   Výsledná cena: 99,90 Kč

5.  **Polštář Aloe Vera**
    *   Rozměr: 40x60 cm
    *   Zvýhodněná cena: 299,90 Kč

6.  **Polštář Bubbles**
    *   Rozměr: 70x90 cm
    *   Deka 140x200 cm za 439,90 Kč

7. **Kuchyňské náčiní v cenově výhodných sadách**
    * Nůž 29,90 Kč
    * Vykrajovač 49,90 Kč
    * Škrabka 14,90 Kč
    * Stěrka 19,90 Kč.

Doufám, že je to detailní popis.

D À 4 4. ff

AL: 1

Produkty znaëky BIC Produkty znacky cena od

mpion uzné druhy

Dobře, tady je detailní popis obrázku:

Obrázek je reklamní leták hypermarketu Globus s nabídkou zlevněných produktů. Leták je rozdělen na několik sekcí a obsahuje různé produkty pro domácnost, školu a volný čas.

**Hlavní produkty a texty:**

*   **Horní řada:**
    *   **Náplň do psacího pera Pilot 0,5 nebo 0,7 mm:** Původní cena 184,90 Kč, zlevněno o 24 % na 139,90 Kč.
    *   **Pikniková deka Leaves:** Původní cena 199,90 Kč, zlevněno o 20 % na 159,90 Kč.
    *   **BioTech 100% Pure Whey:** Původní cena 399,90 Kč, zlevněno o 30 % na 279,90 Kč. Text uvádí, že se jedná o syrovátkový proteinový komplex.
*   **Střední řada:**
    *   **Lampión:** Původní cena 52,90 Kč, zlevněno o 24 % na 39,90 Kč.
    *   **Univerzální podložka:** Původní cena 270,- Kč, zlevněno o 29 % na 190,- Kč.
    *   **Batoh OrangeW:** Původní cena 899,90 Kč, zlevněno o 22 % na 699,90 Kč.
*   **Spodní řada:**
    *   **Záznamní knížek:** Původní cena 69,90 Kč, zlevněno o 28 % na 49,90 Kč.
    *   **Produkty značky BIC:** Zlevněno o 25 %.
    *   **Produkty značky Karbon P:** Zlevněno o 26 %.
    *   **Židle:** Původní cena 199,- Kč, zlevněno o 33 % na 133,- Kč.
    *   **Sada na grilování:** Původní cena 299,- Kč, zlevněno o 39 % na 182,- Kč.

**Obecné informace:**

*   Na letáku je nápis "VAS SVĚT NÍZKÝCH CEN" (Váš svět nízkých cen).
*   U každého produktu je uvedena původní cena, procento slevy a nová cena.
*   Leták je vizuálně atraktivní a využívá barevné obrázky produktů.
*   V dolní části letáku je napsáno "Platí do 31.5.".

**Celkový dojem:**

Leták prezentuje širokou škálu zlevněných produktů, které by mohly oslovit různé typy zákazníků. Nabídka zahrnuje školní potřeby, produkty pro domácnost, outdoorové vybavení a další.

ace

7 WT IONS,

## PLATNOST STRANY 23. 4. – 6. 5.

## Boxerky

349 90

299 90

2 kusy = 1 cena

## VÁŠ SVĚT NÍZKÝCH CEN

Na obrázku je logo hypermarketu Globus. Jedná se o oranžový nápis "Globus" s okrajem a ornamentem ve formě zemitřesu s zelenými a bílými prvky. Z loga nevyplývá žádná informace o zlevněném produktu nebo ceně.

Obrázek zobrazuje slevovou cedulku s označením akce.

**Text na cedulce:**

*   **AKCE!** - Zvýrazňuje, že se jedná o výhodnou nabídku.
*   **129,90** - Původní cena produktu, přeškrtnutá.
*   **-23%** - Výše slevy v procentech, zvýrazněná v červeném kruhu.
*   **99,90** - Nová cena produktu po slevě.

Produkt je tedy nabízen se slevou 23 %, což snižuje cenu z původních 129,90 Kč na 99,90 Kč.

Trenýrky - pánské, více vzorů - ve velikosti S-4XL

- - pánské, ve vel. M-XXL - více barevných variant

Obrázek zobrazuje balení dvou pánských boxerů značky Camano v šedé barvě. Boxery má tmavě šedý elastický pas s bílým nápisem "Camano".

Na obrázku je vidět cenovka, která uvádí cenu: **299,90 Kč**.


Na obrázku je zlevněný produkt, pravděpodobně z hypermarketu. 

**Text na obrázku:**

*   **"VYHODNĚ!"** - upozornění, že se jedná o zlevněný produkt
*   **"379⁹⁰"** - cena produktu v českých korunách. Číslo "90" je napsáno menším fontem, což indikuje desetinná místa (379,90 Kč).

Na obrázku je reklama na zlevněné dámské kalhotky. 

**Text na obrázku:**

*   **AKCE!** – Označuje, že se jedná o akční nabídku.
*   **299,90** – Původní cena.
*   **-23%** – Sleva 23%.
*   **229,90** – Nová, zlevněná cena.
*   **5 kusů = 1 cena** – Znamená, že zákazník platí cenu jednoho kusu, ale dostane rovnou pět kusů.
*   **Kalhotky** – Název produktu.
*   **- dámské** - Upřesnění, že se jedná o dámské kalhotky.
*   **- různé druhy a barevné varianty** – Informace, že jsou k dispozici v různých stylech a barvách.

Na obrázku jsou vyobrazeny kalhotky v růžové a světle modré barvě.

Na obrázku jsou pánské kostky s kostkovaným vzorem v modré barvě. Jsou pravděpodobně vyrobeny z bavlny nebo směsi bavlny. 

Na obrázku je napsáno: **199,90 Kč**. Z obrázku tedy vyplývá, že se jedná o zlevněný produkt, který je v hypermarketu nabízen za 199,90 Kč.

## Pásek kožený

- - dámský
- - v akční nabídce i další druhy dámských a pánských, kožených a syntetických pásků

Obrázek ukazuje zlevněný produkt z hypermarketu. Na červeném pozadí je nápis "VYHODNĚ!" a pod ním velká cena "749⁹⁰". Malým písmem je uvedena cena 749,90 Kč. Spodní část obrázku obsahuje opakující se symbol procenta.

Obrázek zobrazuje cenovku se slevou. Dominantní prvek je velké červené číslo **399<sup>90</sup>**. Nahoře je nápis **"VYHODNĚ!"** v bílém písmu na červeném pozadí. Cena je udána v českých korunách (Kč) a desetinná místa (90 haléřů) jsou napsána menším písmem jako horní index. Celkově se jedná o marketingový nástroj, který má upozornit zákazníka na výhodnou cenu produktu.

Na obrázku je světlounce růžový dámský pásek s kulatou zlatou přezkou. Pásek je hladký a zdá se být vyrobený z umělé kůže. Na pásku jsou viditelné dírky pro zapínání. 

Na obrázku je vidět text: **299,90 Kč**.  Z toho vyplývá, že se jedná o zlevněný produkt, který se v hypermarketu prodává za 299 korun a 90 haléřů.

## Batoh

- - dámský

## Taška

- - pánská
- - v akční nabídce i další druhy vybraných dámských kabelek, batohů a peněženek
- - v akční nabídce také další druhy pánských tašek

Na obrázku je malý dámský batoh ve světle béžové barvě s potiskem písmen „SY“ a nápisem „Sweet Years“. Batoh má tvar polokoule, přední stranu s kapsou a nastavitelné popruhy.

Text na batohu:
*   **SY:** Pravděpodobně zkratka značky nebo designového prvku.
*   **Sweet Years:** Název značky nebo kolekce batohu.

Cena produktu není na obrázku uvedena.

Na obrázku je tmavě modrá crossbody taška. Má jednoduchý, obdélníkový tvar s jedním velkým hlavním prostorem a několika menšími kapsami na přední straně. Taška má nastavitelný popruh a madlo pro nošení v ruce. 

V levém horním rohu je červený nápis "%", který naznačuje, že taška je v akci nebo zlevněna. Bohužel, konkrétní cena není uvedena, takže nemohu říci, o jakou slevu se jedná.

Uvedená akční nabídka dámských a pánských oděvů neplatí pro hypermarket Praha-Černý Most a Praha-Štěrboholy

-25 %

28%

Na obrázku je reklama na zlevněné trička značky LOAP v hypermarketu Globus.

Text na obrázku:

*   **"NA DÁMSKÁ A PÁNSKÁ TRIČKA ZNAČKY LOAP"** – informuje o produktu, na který se sleva vztahuje.
*   **"-5%"** –  označuje výši slevy.
*   **"SLEVA NAVÍC S VĚRNOSTNÍM PROGRAMEM"** – upřesňuje, že sleva je dostupná pouze pro členy věrnostního programu.
*   **"MŮJ GLOBUS"** – logo věrnostního programu.

-

34990

249

90

Obrázek zobrazuje zlevněný produkt z hypermarketu. Původní cena produktu byla 449,90 Kč, což je přeškrtnuté. Nová cena je 329,90 Kč. Sleva činí 26%. Text na obrázku hlásí „AKCE!“.

## Tričko

- - pánské
- - v akční nabídce široký sortiment triček a polotriček za ačkní ceny

Obrázek zobrazuje zlevněný produkt označený nápisem "LOAP". Je to pravděpodobně značka oblečení nebo obuvi nabízená ve slevě. Pod nápisem se nachází ikonický symbol - stylizované "O" s vlnkou, který značku identifikuje. Cena produktu není uvedena.

Neplatí na již zlevněné zboží. Slevy se odečítají postupně. Sleva bude odečtena na pokladně po předložení karty Můj Globus.

Na obrázku je červené tričko s krátkým rukávem. Na levé straně hrudníku je decentní logo ve tmavě modré barvě. V levém horním rohu obrázku je nálepka s procentuálním slevou (číslo je nečitelné).


## Šortky

- pánské

- - v akční nabídce také šortky za 449,90

Na obrázku jsou tmavě modré šortky s elastickým pasem a stahovací šňůrkou. V pravém dolním rohu je logo značky, které je stylizované do tvaru spirály. V levém horním rohu je červené pole s bílým textem „SLEVA“. Pod ním je cena: 2,99.

Na obrázku je reklama na zlevněné dámské sandály značky Mustang. 

**Text na obrázku:**

*   **NA VYBRANOU OBUV ZNAČKY MUSTANG:** Oznamuje, že sleva platí na vybrané modely obuvi Mustang.
*   **AKCE! -30%:**  Značí 30% slevu na vybrané produkty.
*   **MUSTANG:**  Název značky obuvi.

**Popis obuvi:**

Na obrázku jsou zobrazeny tři různé modely dámských sandálů:

1.  **Bílé sandály s hnědou podrážkou a pásky kolem kotníku.** Pásky jsou tenké a elegantní.
2.  **Hnědé sandály s pásky přes prsty a kolem kotníku.** Vypadají pohodlně a ležérně.
3.  **Tmavě modré sandály s pásky přes prsty a nápisem "MUSTANG" na pásku.** Sandály jsou sportovnějšího vzhledu.

Všechny sandály vypadají stylově a pohodlně a jsou pravděpodobně určeny pro letní období.

teina ska souprava

-

-

|, ARCE! PA A» o |, AKE APA

## VÁŠ SVĚT NÍZKÝCH CEN

PLATNOST STRANY 23. 4. – 6. 5.

12%

39990

34990

25%

299
299

90
90

299
299

90
90

Obrázek zobrazuje výraznou cenovku s nápisem "Výhodně!". Cena produktu je 1799,- Kč. Pod cenou jsou symboly procent, což naznačuje slevu nebo výhodnou nabídku.

Na obrázku je reklamní leták hypermarketu Globus. Na zeleném pozadí je nápis "MŮJ GLOBUS" velkými bílými písmeny a červené srdce. Pod nápisem je drobnější text: "UŠETŘÍTE KAŽDÝ DEN".

## Ceresit stop Aero 360 °

- 450 g

- - tablety 2× 450 g za 199,90
- - v akční nabídce i další druhy

Na obrázku je balení produktu "STOP vlhkosti Hero 360° Pohlcovač vlhkosti". Jedná se o výrobek určený k pohlcování vlhkosti a zápachu v interiéru.

**Text na obalu:**

*   **STOP vlhkosti** - Název značky
*   **Hero 360°** - Název konkrétního produktu
*   **Pohlcovač vlhkosti** - Určení produktu
*   **2v1** - Produkt plní dvě funkce - pohlcuje vlhkost a zápach
*   **Pohlcuje vlhkost a zápach** - Zopakování funkce produktu
*   **60 dní** - Doba účinnosti produktu
*   **Cena: 89,90 Kč** (vpravo dole)
*   Na levé straně v horní části je uvedeno: "Odstraňuje plíseň a nepříjemný zápach"

Produkt je propagován jako výhodné balení díky jeho dlouhé životnosti (60 dní) a dvojité funkci. Je určen k boji proti vlhkosti, plísním a nepříjemným zápachům.


Na obrázku jsou dva zlevněné produkty z hypermarketu.

**Levá strana:**

*   **Produkt:** Letní směs do ostřikovačů Glacidet Penguin Lady Nano 4l.
*   **Původní cena:** 64,90 Kč.
*   **Sleva:** 30 %.
*   **Nová cena:** 44,90 Kč.
*   **Text na etiketě:** Obsahuje obrázek tučňáka a nápis "Letní" a "Glacidet Penguin Lady".
*   **Další text:** AC-11 = 13,75 Kc. 11 = 1123

**Pravá strana:**

*   **Produkt:** Autovůně California Scents.
*   **Popis:** Krabička s různými druhy vůní.
*   **Původní cena:** 89,90 Kč.
*   **Sleva:** 22 %.
*   **Nová cena:** 69,90 Kč.
*   **Text na etiketě:** "California Scents" a název vůně "Monterey Vanilla". Uvádí se také množství: 60 dní.

Obrázek zobrazuje reklamní banner hypermarketu Banner. Na banneru je zobrazeno siluetou psa a text "Banner". Ceny nebo informace o zlevněném produktu nejsou zobrazeny.

## Autobaterie Starting Bull

- - 44 Ah, 12 V
- - 55 Ah, 12 V za 2099,-
- - 72 Ah, 12 V za 2899,-

Obrázek zobrazuje červenou kruhovou ceduli s bílým nápisem „carlson“. Zdá se, že se jedná o značku produktu nebo reklamní propagační materiál. Není zde žádná cena ani další informace o produktu.

Obrázek zobrazuje vlajku České republiky. Nepředstavuje žádný zlevněný/výhodný produkt z hypermarketu ani neobsahuje text s cenou.

Na obrázku je automobilová baterie značky Banner Standing Bull. Je černá a má červené štítky. Na štítcích je logo - silueta býka a nápis "Banner STANDING BULL". V levém horním rohu je výrazná červená cedulka s procentuálním slevou. Produkt je evidentně nabízen ve výprodeji nebo jako výhodný nákup v hypermarketu.

Obrázek zobrazuje cenovku s informací o slevě. 

*   **Text:** "AKCE!", "-24%"
*   **Původní cena:** 289,90 Kč (přeškrtnuto)
*   **Nová cena:** 219,90 Kč

Jedná se o reklamu na zlevněný produkt, který je nyní možné zakoupit za 219,90 Kč místo původních 289,90 Kč. Sleva činí 24 %.

## Balakryl UNI

- - lesk, mat
- - univerzální vodou ředitelná barva na dřevo, kov, hliník a beton
- - vysoce odolná
- - různé odstíny

## 0,7 kg

1 kg = 314,14

Obrázek zobrazuje zlevněný produkt, pravděpodobně automatický vysavač na okna. Na obalu je nápis „Cleanfix“ a výrazná cena „330,-“. V dolní části je logo „OBI“. Na obalu je vidět grafické zobrazení vysavače na okně a naznačeno čištění oken.

Na obrázku je plechovka s barvou **Balakryl UNI** - univerzální barva na kov a dřevo. 

**Text na plechovce:**

*   **BALAKRYL** - Název značky.
*   **UNI** - Název konkrétního produktu (univerzální barva).
*   **UNIVERZÁLNÍ BARVA NA KOV A DŘEVO** - Popis produktu.
*   **TIKO LOGICKÉ ŘEŠENÍ** - Logo a slogan.
*   **VODOUŘEDITELNÁ** - Informace o ředitelnosti barvy.
*   **EXTERIÉR INTERIÉR** - Uvedeno, že je barva vhodná jak pro vnitřní, tak vnější použití.

Na plechovce je také náhled na natřený vzorek s reliéfním dekorem. Ačkoli cena není na obrázku vidět, tento produkt je často nabízen ve slevách nebo akcích v hypermarketech.

Obrázek zachycuje reklamu na zlevněný produkt. Produkt původně stál 899,90 Kč, nyní je zlevněn o 27 % a stojí 649,90 Kč. Reklama je bílá s červenými prvky a nápisy „AKCE!“ a „-27%“.

## Luxol Originál

- - lazurovací lak na ochranu dřeva
- - různé odstíny
- - 2,5 l za 519,90 4,5 l
- 1 l = 144,42

Obrázek zachycuje plechovku barvy na dřevo Luxol Original. Na přední straně je vidět obrázek dřevěného plotu natřeného tmavě hnědou barvou.

Text na obrázku:

*   **LUXOL** – Název výrobku.
*   **ORIGINÁL** – Označení typu barvy.
*   **VYLEPŠENÁ RECEPTURA** – Informace o vylepšeném složení barvy.

Na boku plechovky je napsáno: "2,5l", což indikuje objem barvy 2,5 litru. Cena na obrázku není uvedena, takže se nemohu vyjádřit k ceně.

Obrázek zobrazuje slevovou cedulku s označením akce. Původní cena produktu byla 169,90 Kč, která je přeškrtnutá. Nyní je produkt ve slevě a jeho cena je 129,90 Kč. Sleva činí 23 %.

## Motorový olej

Obrázek zobrazuje reklamu na zlevněný produkt. Původní cena produktu byla 129,90 Kč, nyní je zlevněna na 89,90 Kč. Sleva činí 30%. Text "cena od" naznačuje, že se jedná o cenu od určitého množství nebo varianty produktu.

- - 10W-40

- 1 l

- - v akční nabídce i další druhy

Obrázek zobrazuje cenovku s informací o slevě. Původní cena produktu byla 119,90 Kč, nyní je produkt ve slevě a stojí 69,90 Kč. Sleva činí 41 %. Text na obrázku hlásá "AKCE!".

## Ředidlo S 6006

- - k ředění olejových
- a syntetických nátěrových hmot
- - v akční nabídce i další ředidla a čističe Severochema

700 ml

100 ml = 9,99

Na obrázku je plastová láhev s motorovým olejem značky Carlson.

**Popis produktu:**

*   **Značka:** Carlson
*   **Typ:** Motorový olej
*   **Kvalita:** Premium Quality
*   **Objem:** 1 litr
*   **Viskozita:** 10W-40
*   **Typ oleje:** Polosyntetický (Semi)

**Cena:** Na obrázku není cena uvedena.

Na obrázku je plechovka barvy "Redidlo S 6006" od společnosti Severochema. 

* **Redidlo S 6006:** Název produktu, speciální ředidlo.
* **Severochema:** Značka výrobce.
* **Obsah 700 ml:** Udává objem ředidla v plechovce.
* **Ceny a další detaily:** Na obrázku nejsou uvedeny žádné ceny, ani jiné informace o slevách nebo výhodných nabídkách. 
* **Štítky:** Je zde vidět štítek "Originál výrobek".

Celkově se jedná o produkt, který se pravděpodobně prodává v hypermarketech nebo obchodech s barvami a nářadím.

Obrázek zobrazuje zlevněný produkt s označením "AKCE!". Původní cena produktu je přeškrtnutá a činila 199,90 Kč. Nová, zlevněná cena je 129,90 Kč. Slevu vyjadřuje kruh s nápisem "-35%".

## OHO Rohožka

- - rozměr 45 x 75 cm
- - různé druhy

Obrázek zachycuje barevný grafický prvek, který propaguje slevu v hypermarketu. Na žlutém kruhu je velkými bílými písmeny napsáno slovo "OHO". Jedná se o značku, která signalizuje výhodnou cenu nebo speciální nabídku. Zbytek kompozice tvoří barevné šmouhy a skvrny v odstínech zelené, modré a růžové. Z obrázku nelze vyčíst konkrétní cenu produktu ani o jaký produkt se jedná.

Obrázek zachycuje rohožku na dveře s motivem ptáčků a nápisem "Welcome". Rohožka je vyrobena z kokosových vláken v hnědé barvě. Na rohožce jsou vyobrazeny dva ptáčci usedající na větvi stromu, obklopeni hudebními notami. Nápis "Welcome" je napsán zakrouceným písmem a je umístěn v horní části rohožky.

Cena tohoto produktu v hypermarketu je **99,90 Kč**.

(ilustrační foto)

## Stěrač plochý FLEXI

- - balení 1 ks
- - je vybaven grafitovým břitem pro výtečné stírání
- - různé velikosti

Obrázek zobrazuje propagační cedulku se zlevněným produktem. Původní cena je 129,90 Kč, která je přeškrtnutá. Nová cena po slevě 30 % je 89,90 Kč. V horní části cedulky je text "AKCE!".

## Malířská souprava

- stírací mřížka a váleček 25 cm

- - pro malířské a fasádní barvy
- - štětec malířský 70 mm standard za 29,90
- - v akční nabídce i další vybrané příslušenství na malování

Obrázek zobrazuje sadu na malování, konkrétně váleček s teleskopickou tyčí a plastovou vaničkou.

*   **Váleček:** Je s hnědou, jemnou povrchovou úpravou. Pravděpodobně určený pro nanášení barvy na stěny a strop.
*   **Teleskopická tyč:** Černá, s plastovou rukojetí, umožňuje nastavení délky pro pohodlnější práci.
*   **Vanička:** Černá, s plastovou mřížkou pro odkapávání přebytečné barvy z válečku. Mřížka má šikmý vzor pro usnadnění odkapávání.

Na obrázku je patrný text, který naznačuje cenu: **99,9⁰** – což znamená 99,90 Kč.

Obrázek zobrazuje zlevněnou vodovodní baterii. Jedná se o moderní baterii s vysokým, otočným výtokem a chromovým provedením. 

Text na obrázku:

*   **AKCE!** - Zvýrazňuje, že se jedná o akční nabídku.
*   **NA VODOVODNÍ BATERIE** - Označuje typ produktu.
*   **Neplatí pro již zlevněné výrobky.** - Upozornění na podmínky akce.
*   **PŘÍKLAD CENY 899⁹⁰** - Původní cena baterie.
*   **719⁹⁰** - Nová cena baterie po slevě 20 %.
*   **(ilustrační foto)** – Upozornění, že se jedná o ilustrační fotografii a skutečný výrobek se může mírně lišit.
*   **-20%** – Označuje výši slevy.

Obrázek zobrazuje logo hypermarketu Globus. Logo je ve tvaru oválu s oranžovým nápisem "Globus" a zelenými prvky. Jedná se o informační grafiku, která signalizuje, že se jedná o zlevněný nebo výhodný produkt v hypermarketu Globus. Cena produktu není na obrázku uvedena.

Na obrázku je logo značky "Cattara" s mottem "touch the freedom". Jedná se o logo a pravděpodobně se vyskytuje na produktech této značky, které by mohly být nabízeny v hypermarketu. Neposkytuje žádné informace o zlevněném produktu ani ceně.

## AKTUALITY Z GLOBUSU BRNO

Obrázek zachycuje muže v bílém tričku a zelené zástěře s nápisem "SBÍRKA POTRAVIN". V rukou drží plastový box plný potravin (zřejmě konzervy a další trvanlivé produkty). 

Text na obrázku:

*   **26,** - Cena, pravděpodobně cena za box potravin.
*   **DUBNA** - Název hypermarketu.
*   **ČAS SBÍRKY 8-18 hod.** - Čas, kdy je možné se účastnit sbírky potravin.

Obrázek pravděpodobně informuje o probíhající sbírce potravin v hypermarketu Dubna a uvádí cenu za box a časové rozmezí sbírky.

Na obrázku je červený kruhový štítek s nápisem „-45 %“ velkými bílými písmeny. Pod tím je text „ZA 8 BODŮ“ menším písmem. To znamená, že produkt je zlevněn o 45 % a je možné ho zakoupit za 8 věrnostních bodů. V pravém horním rohu je vidět část oranžového štítku s nápisem „globus“.

Otevírací doba hypermarketu: denně 7.00 — 21.00

Restaurace: 7.30 — 20.00

Obrázek zobrazuje zelený banner s logem Facebooku a textem "Globus Česko". Zřejmě se jedná o reklamní banner, který propaguje slevy nebo nabídky hypermarketu Globus prostřednictvím sociální sítě Facebook. Neobsahuje informace o konkrétním zlevněném produktu nebo ceně.

Na obrázku je vidět reklama s logem Instagramu a textem "@GlobusCesko". Jedná se o propagaci profilu hypermarketu Globus na sociální síti Instagram. Nenachází se zde žádný konkrétní zlevněný/výhodný produkt, ani žádná cena.

www.globus.cz

Obrázek zobrazuje logo hypermarketu Globus. Je to oranžové písmo "Globus" v moderním fontu na bílém obdélníku s oranžovým obrys. Obdélník je uzavřen v kruhovém rámu s obrazcem Zeměkoule v zelené barvě. Logo signalizuje možnost nákupu zboží za výhodné ceny v síti obchodů Globus.

Obrázek zobrazuje logo hypermarketu Globus. Logo se skládá ze stylizované postavy s rukama zdviženýma k oranžovému slunci, které je umístěno nad postavou. Pod postavou a sluncem jsou dva zelené kruhy, které vytvářejí dojem Země nebo světa. Pod logem je text "GLOBUS" a pod ním text "PRO LEPŠÍ SVĚT". Celý design naznačuje zaměření hypermarketu na udržitelnost a sociální odpovědnost.

Obrázek zobrazuje zelenou ikonu s vyobrazením dvou kusů zeleniny, pravděpodobně paprik. Jedná se o označení zlevněného/výhodného produktu v hypermarketu. Cena není viditelná, ale ikona naznačuje, že se jedná o výhodnou nabídku zeleniny.

Obrázek zobrazuje multifunkční sekeru s oranžovou rukojetí a černým tělem. Jedná se o nástroj 6 v 1 o délce 18 cm. Sekera obsahuje sekeru, kladivo, pilku, nůž, otvírák na láhve a pravděpodobně další nástroje. V horní části obrázku je text "6in1 18cm", což znamená, že se jedná o nástroj s 6 funkcemi o délce 18 centimetrů.

Na obrázku je zelený turistický batoh. Má několik kapes, včetně dvou bočních síťovaných kapes. Batoh má stahovací šňůrky a popruhy pro uchycení dalšího vybavení. Na batohu je vidět logo výrobce. V dolní části obrázku je štítek s cenou: **299,90 Kč**. Jedná se o zlevněný produkt nabízený v hypermarketu.

Obrázek zobrazuje kruhovou samolepku s nápisem "-40%" bílým písmem na červeném pozadí. Značí slevu 40 % na nějaký produkt v hypermarketu.

Na obrázku je zobrazena sada hrnců „Cattara Triple“, která obsahuje tři hrnce. Jsou tmavě šedé barvy, vyrobené z anodizovaného hliníku.

**Popis produktu:**

*   **Název:** Nádobí Cattara Triple
*   **Počet kusů:** 3
*   **Rozměry:** Transportní rozměry 18,5 x 13 cm
*   **Hmotnost:** 670 g
*   **Materiál:** Anodizované hliníkové nádobí

**Cena:**

*   Původní cena: 699,90 Kč
*   Akční cena: 399,90 Kč + 8 bodů
*   Sleva: -42 %

Obrázek obsahuje také informace o rozměrech a hmotnosti sady, jakož i o materiálu, ze kterého je vyrobena.

PRO LEP GUAT

Obrázek zobrazuje logo hypermarketu Globus. V popředí je stylizovaná silueta postavy s rukama vztyčenýma k slunci, vše v oranžové barvě. Pozadí tvoří zelený kruh připomínající Zemi. Pod logem je nápis "GLOBUS" a pod ním "PRO LEPŠÍ SVĚT".  Obrázek samotný nevypovídá o žádném konkrétním zlevněném produktu.

Obrázek obsahuje logo organizace "ADAM - autistické děti a my". Jedná se o barevné logo, kde je jméno ADAM napsáno velkými písmeny v různých barvách – červená, zelená, modrá a žlutá. Nad písmeny je kresba stylizované dětské hlavičky s úsměvem. Pod nápisem ADAM je text "autistické děti a my". Z obrázku nelze vyčíst žádné informace o zlevněných produktech nebo cenách.

Čerpací stanice: NONSTOP

Mycí linka: 7.00—21.00

Brno-Ivanovice | Hradecká 40, 621 00 | infolinka zdarma 800 241 242 e-mail: info@globus.cz , provoz infolinky: denně 7 .00–21.00

Café Globus: 7.00 — 20.30

Obrázek zachycuje červenou kruhovou nálepku s bílým textem "-45%". Jedná se o reklamu, signalizující slevu 45 % na nějaký produkt. V hypermarketech se podobné nálepky používají k označení zlevněného zboží.

## VYUZIVEJTE SVE KUPONY

Na obrázku jsou tři lahve limonád - Pepsi, Mirinda a 7Up. Všechny jsou v plastových lahvích a jsou zobrazeny vedle sebe. 

Nad lahvemi je červený rámeček s textem "-14 Kč". To znamená, že všechny tři limonády jsou zlevněné o 14 korun českých.


Sleva na sieva na zmrzliny

=
limonády Pepsi, ee D)  jnacky Mirinda, 7UP ¡ES &gt; We zuolensky 151 DS LG NES 20m

Na obrázku jsou tři kelímky zmrzliny od výrobce Prima. Zleva je kelímek s příchutí čokoláda, uprostřed vanilka a napravo s příchutí marhule. Na každém kelímku je vyobrazen motiv odpovídající chuti – čokoládové kousky, vanilková zmrzlina a marhule. Na štítku je nápis "Prima" a pod ním název příchutě. Pod tímto nápisem je nápis "zmrzlina". V horní části obrázku je červený štítek s textem "-35%" což značí slevu 35%. Cena produktu není na obrázku uvedena.

- Sleva na vyrobky ı pro psy a kocky | znacky Reno

Na obrázku je zlevněný produkt pro kočky - krmivo Reno. Je zde vidět balení vlhkého krmiva v podobě konzerv a kartonů.

**Text na obalech:**

*   **RENO** - název značky krmiva.
*   **delicatessa** - nápis naznačuje, že se jedná o delikatesu pro kočky.
*   **s kuřecím** - druh krmiva.
*   **s hovězím** - druh krmiva.
*   **Kompletní vyvážené krmivo pro dospělé kočky** - popis produktu.
*   Na červeném štítku je nápis **-30%**, což indikuje slevu 30% na tento produkt.

Na pozadí je vidět kočka, která má hnědo-bílý kožíšek.

Obrázek zobrazuje logo hypermarketu Globus. Logo se skládá z oranžového nápisu "Globus" na žlutém podkladu a zeleného kulatého symbolu s liniemi. Nepředstavuje žádný konkrétní zlevněný produkt, pouze značku hypermarketu.

Obrázek zobrazuje zelenou šablonu s procentuálním symbolem (%). Indikuje slevu na produkt. Šablona je oříznutá a má dekorativní perforaci po stranách. Zdá se, že jde o grafickou reprezentaci slevového kupónu nebo označení výhodné ceny v hypermarketu.

Kupony si aktivujte ve svem uctu v aplikaci Ci na webu Stannete si nebo aktualizujte nebo na kiosku Muj Globus aplikaci Múj Globus.

v hypermarketu. Na pokladne vzdy &gt; naskenujte svou kartu Müj Globus. o

Obrázek zobrazuje logo hypermarketu Globus. Jedná se o oranžové čtvercové pozadí s bílým oválem, který obsahuje nápis "globus" červeným písmem. Nad a pod nápisem jsou zelené listy. Obrázek samotný neobsahuje žádné informace o zlevněném produktu ani cenu.

Obrázek obsahuje dva bannery:

*   **Horní banner:** Zobrazuje logo Apple a text "Stáhni v App Store".
*   **Dolní banner:** Zobrazuje logo Google Play a text "NYNÍ NA Google Play".

Obrázek slouží jako reklama na mobilní aplikace dostupné ke stažení v App Store a Google Play. Nepřítomna je informace o zlevněném/výhodném produktu.

Chleb kminovy naleny

President platkovy syr

ruzne druhy

IOÙ q

Nahlik Polevky ruzné druhy

DOU Y

I0Ù q = 768

Na obrázku vidím reklamu hypermarketu Globus a jeho služby Foodora. Zobrazuje různé zlevněné a výhodné produkty. 

**Popis zlevněných/výhodných produktů:**

*   **Chléb kmínový** (19,90 Kč -> 14,90 Kč, sleva 25%) - 500g balení, obsahuje žitný kvás.
*   **Brambory konzumní rané** (34,90 Kč -> 19,90 Kč, sleva 42%) - 1kg balení.
*   **President Emental** (51,90 Kč -> 31,90 Kč, sleva 38%) - plátkový sýr 100g.
*   **Panzani těstoviny** (32,90 Kč) - různé druhy, 500g balení.
*   **Gourmet krmivo pro kočky** (12,90 Kč) - různé druhy, 400g balení.
*   **Něhlík polévkový** (69,90 Kč -> 47,90 Kč, sleva 31%) - 700ml balení.
*   **Šproty v oleji** (59,90 Kč -> 44,90 Kč, sleva 25%) - 175g balení.
*   **Týčinky Kinder** (139,90 Kč -> 99,90 Kč, sleva 28%) - Na chlazení.
*   **Relax PET** (24,90 Kč) - 100% džusy – pomeranč, citron-mango, červená řepa-jablko, jablko-limetka-kakus, 1L balení.

**Text na obrázku:**

*   **"Nákupy z Globusu až k vám domů přiveze Foodora"** - hlavička, která představuje spolupráci s rozvozovou službou Foodora.
*   **"Rychlé a spolehlivé doručení, více než 18000 produktů potravin a drogérie, rozvážíme každý den."** - popis výhod služby Foodora.
*   **"Stáhnět aplikaci Foodora"** - výzva k stažení aplikace.
*   **"VYHODNĚ!"** a **"AKCE!"** - označení zlevněných produktů.
*   **"Můj Globus"** - označení produktů v rámci věrnostního programu.
*   **"Ověřte si z ceny zlevněno ve sčíta,"** - slogan upoutávající na akční ceny.
*   **"Zlevněno i ve sčíta."** - slogan upoutávající na akční ceny.
*   Na dně obrázku je nápis **"S potravinami to nepřehánějte."**

Na obrázku jsou uvedeny ceny produktů v českých korunách, s desetinným místem odděleným čárkou.

AC = měrná cena platná pro akční nebo zvýhodněnou cenu, KC = měrná cena platná s kartou Můj Globus

NT VV 9 7 VE

voll

Na obrázku je logo hypermarketu Globus. Jedná se o oranžový nápis "Globus" s bílým lemováním, umístěný v oválném rámečku. Nad a pod nápisem jsou zelené segmenty připomínající polokoule, které zdůrazňují celosvětový rozsah nabídky. Logo signalizuje, že se jedná o obchod s širokým sortimentem zboží za výhodné ceny.

## DELŠÍ PLATNOST od 2. 4.  do 29. 4. 2025

Rio Mare Makrela různé druhy 120-169 g 100 g od 44,32

47-85 Q

100 a od 36,02

Obrázek zobrazuje cenovku s nápisem "VÝHODNĚ!". Cena produktu je 74,90 Kč. Nápis "VÝHODNĚ!" signalizuje slevu nebo výhodnou nabídku. Číslo 90 je menším písmem, což naznačuje haléře.

o

ravinarsky 8% an | jap

Na obrázku je plechovka s filety makrely v rajčatové omáčce od výrobce Rio Mare. Na přední straně je nápis "Rio Mare" velkým písmem a pod tím "Mackerel Fillets in Tomato Sauce". Dále je zde logo "MSC" (Marine Stewardship Council), které označuje, že produkt pochází z udržitelného rybolovu. V levém horním rohu je vidět nápis „New“. V pravém horním rohu je nápis „6 %“. Předpokládám, že se jedná o označení slevy, neboť produkt je ve výprodeji.

Obrázek zachycuje cenovku s nápisem "VYHODNÉ!". Cena produktu je 34,90 Kč. Pod cenou jsou patrné znaky procent (%) - pravděpodobně indikující výši slevy, která ale není přímo uvedena. Celý design cenovky je proveden v červené a bílé barvě, což má poutat pozornost.

100

Bonduelle zelenina různé druhy

150-200 g, p. p. 90-140 g

100 g od 24,93

nn

Na obrázku je plechovka hrášku značky Bonduele. Plechovka je žlutozelená a na přední straně je velké logo značky Bonduele. Pod logem je nápis "Hrášek" a pod tím "v mírně slaném nálevu". 

V levém dolním rohu je štítek s nápisem "Porce 260g" a pod tím jsou hodnoty "Energie 355kJ/85kcal", "Tuky 0,5g", "z toho nasycené mastné kyseliny 0g", "Sacharidy 7,8g", "z toho cukry 3,3g", "Bílkoviny 3,6g", "Sůl 0,6g".

Vpravo je část štítku s čárovým kódem. Na plechovce je zřetelná akce nebo slevová nabídka.

Obrázek zobrazuje cenovku s informací o slevě. Původní cena produktu byla 19,90 Kč a nyní je zlevněna na 14,90 Kč. Sleva činí 25 %. Cenovka je červenobílá a text je napsán tučným písmem.

Alba Ocet bezbarvý potravinářský 8% 1 l

Na obrázku je plastová láhev s octem Alba. Na etiketě je nápis "ALBA" s obrázkem zeleniny (pravděpodobně cibule). Pod tím je napsáno velkými písmeny "OCET". Pod textem je úzký proužek se zlevněnou cenou: "14,90 Kč".

Obrázek zobrazuje reklamu na zlevněný produkt v hypermarketu. V horní části je nápis „VÝHODNĚ!“ červeným písmem na bílém pozadí. Pod tím je velkým červeným písmem uvedena cena **89,90 Kč**. Číslice „90“ je menším fontem a umístěna nad číslicí „9“. Spodní část je vycpána procenty.

Antica Cantina Tortilla chips různé druhy 450 g 100 g = 19,98

Na obrázku je balení slaných tortilla chipsů značky "Cantina".

**Popis produktu:** Balení obsahuje slané tortilla chipsy. Na přední straně balení je vyobrazeno několik chipsů a malý obrázek misky s náplní. 

**Text na obalu:**

*   **CANTINA:** Název značky tortilla chipsů.
*   **TORILLA CHIPS:** Označení typu produktu.
*   **SALT:** Chuť chipsů (slané).
*   Na obalu je také grafický prvek s textem "MEXICAN TASTE".

Ocenění produktu na obrázku nevidím, takže jej nemohu vypsat.

Obrázek zachycuje cenovku z hypermarketu s informací o zlevněném/výhodném produktu. Produktem je **Tuňák Rio Mare v olivovém oleji**.

**Cena:** 99,90 Kč
**Hmotnost:** 130 g
**Cena za 100 g:** 76,85 Kč

Cenovka je vizuálně zvýrazněna červeným rámečkem a nápisem "Výhodně!".  Použití čárky pro oddělení desetinných míst je typické pro ceny v České republice.

Obrázek zobrazuje cenovku s informací o slevě. V levé horní části je napsáno výrazně "AKCE!". Původní cena produktu byla 69,90 Kč, což je přeškrtnuté. Nová cena po slevě je 59,90 Kč a je zobrazena velkými čísly. V pravém horním rohu je kruh s nápisem "-14%", což značí procento slevy.

Rakouský bramborový salát

700 g

100 g = 8,56

Obrázek zachycuje zlevněný produkt z hypermarketu. Jde o cenovku ve tvaru štítu s nápisem "VÝHODNĚ!" nahoře. Pod tím je zobrazena cena **34,90 Kč**. Číslo 34 je napsáno velkým fontem a 90 menším, čímž je naznačena desetinná hodnota. Cena je zvýrazněna, aby upoutala pozornost zákazníků.

Oyakata

Instantní

japonské nudle různé druhy

62-96 g,

100 g od 36,35

Obrázek zobrazuje zelený kruh s tmavší zelenou šikmou čarou vpravo dole. Kruh je pravděpodobně značka slevy nebo akce v hypermarketu. Neobsahuje žádný text ani cenu, takže nelze určit, na jaký produkt se sleva vztahuje ani jaká je jeho cena.

Obrázek ukazuje sklenici s tuňákem "Rio Mare". Na štítku je napsáno:

*   **RIO mare** - značka
*   **I Filettini di Tonno** - "Filety z tuňáka" v italštině
*   **LAVORATI A MANO** - "Zpracované ručně" v italštině
*   **all'Olio di Oliva** - "V olivovém oleji" v italštině

Zboží je pravděpodobně výhodný produkt z hypermarketu. Cena není uvedena.

Na obrázku je sklenice s rakouským bramborovým salátem od firmy Efko. 

Na štítku je napsáno:

*   **Efko** - logo a název výrobce.
*   **Rakouský bramborový salát** - název produktu.
*   **s pažitkou** - doplňková informace o složení.
*   Na štítku je vidět výrazné označení **15% sleva** na zeleném podkladu.

Na bílém štítku je nečitelná cena.

Obrázek ukazuje kelímek s instantním jídlem "OYAKATA Japanese Chicken Teriyaki". Kelímek je tmavě hnědý s výrazným oranžovým oválným polem. 

Na poli je napsáno:

*   **OYAKATA** - Název značky.
*   **JAPANESE** - Označení typu jídla.
*   **CHICKEN** - Hlavní ingredience, kuřecí maso.
*   **TERIYAKI** - Chuť/příprava jídla.

Na spodní části kelímku je vidět obsah, který vypadá jako rýže s kousky kuřete a omáčkou teriyaki. V levém dolním rohu pole je karikatura kuchaře.

Obrázek zobrazuje reklamní cedulku s označením akce a zlevněným produktem. 

**Text na cedulce:**

*   **AKCE!** - Velké nápis signalizující výprodej nebo slevu.
*   **142,90** - Původní cena produktu, která je přeškrtnutá, což značí, že již neplatí.
*   **99,90** - Nová, zlevněná cena produktu.
*   **-30%** - Kruh s nápisem -30% oznamuje velikost slevy.

Cena je uvedena v českých korunách (Kč) a desetinná místa jsou oddělena čárkou.

## Fitness Cereálie

různé druhy 350-375 g 100 g od 26,64

Na obrázku je krabice cereálií Nestlé Fitness.

**Popis produktu:**

*   **Značka:** Nestlé Fitness
*   **Typ:** Cereálie
*   **Hmotnost:** 375 g
*   **Popis:** Krabice s cereáliemi, zobrazující cereálie ve tvaru pecek ve vířícím modrém pozadí s bílými střiky, které symbolizují mléko. Nahoře je silueta postavy při cvičení. Nápis "nutritious energy" pod názvem značky naznačuje, že se jedná o zdravé snídani pro aktivní životní styl.

**Text na obalu:**

*   **Fitness:** Název produktu.
*   **nutritious energy:** Slogan zdůrazňující výživovou hodnotu a energii, kterou cereálie poskytují.
*   **Oves, žito, kukuřice, pšenice:** Uvádí základní obsažené obilniny.
*   **375 g e:** Označuje hmotnost produktu a symbol "e" označuje, že se jedná o odhadovanou hmotnost.

**Cena:** Cena není na obrázku vidět.

Obrázek zobrazuje reklamní banner s nápisem "AKCI V ONLINE LETÁKU". Nápis je bílý na červeném pozadí a má za účelem upoutání pozornosti na probíhající slevové akce v online letáku hypermarketu. Nejedná se o konkrétní produkt, ale o reklamu na výhodné nabídky.

Na obrázku je balení čočky Fege Lenticchie o hmotnosti 380 gramů. Balení je světle béžové s ilustrací hnědé čočky a zelenými lístky. Vlevo nahoře je žlutá cedulka s nápisem "AKCE!" a procentuální slevou "-26%". Původní cena je 26,90 Kč, nová cena je 19,90 Kč. Pod cenovkou je nápis "Fege Čočka" a informace o hmotnosti: 228 g. Pod tím je uvedena cena za 100 g: 8,73 Kč. Na přední straně balení je nápis "Lenticchie" a upozornění na snížení uhlíkové stopy o 83%. Balení obsahuje informace o tom, že se jedná o snadno otevřitelné balení a že se jedná o produkt s nízkým obsahem uhlíku.

Na obrázku je zlevněný produkt s označením "AKCE!". Původní cena produktu byla 59,90 Kč, která je přeškrtnutá. Nová cena je 49,90 Kč. Slevu znázorňuje kruhový štítek s textem "-16%".

## Sušená rajčata

170 g, p. p. 95 g 100 g = 52,53 5990 -

Na obrázku je sklenice sušených rajčat s kapary od značky Efko. 

Na štítku je napsáno:

*   **efko** (logo značky)
*   **Sušená rajčata**
*   Hmotnost: **95g**
*   **s kapary** (drobějším písmem pod názvem produktu)

Na štítku je i text o složení, výrobci, zemi původu a nutričních hodnotách, ale je příliš malý a nečitelný.

Produkt je typický pro nabídku v hypermarketech a je pravděpodobně ve slevě nebo se jedná o výhodné balení.

Obrázek zobrazuje reklamu na zlevněný produkt z hypermarketu. 

**Popis:**

*   **Barva:** Převládá červená barva s bílým pozadím.
*   **Text:** Na horním okraji je napsáno velké červené písmo slovo "VÝHODNĚ!". Uprostřed je velkým červeným písmem cena: **29⁹⁰** (29,90 Kč).
*   **Styl:** Reklama je jednoduchá, s důrazem na cenu.

**Význam:**

Reklama informuje zákazníky o ceně zlevněného/výhodného produktu, který stojí 29,90 Kč.

Maggi Polévky různé druhy 47-83 g 100 g od 36,02

Obrázek zachycuje balíček koření Maggi na přípravu guláše. Balíček má žluté pozadí a na něm je vyobrazen talíř s hotovým gulášem. 

Text na obalu:

*   **Maggi** - značka koření
*   **Gulášová** - název produktu, indikuje chuť guláše
*   **Sytá** - doplnění k názvu, naznačuje, že je jídlo syté
*   **3 porce** - udává množství porcí, které lze z jednoho balení připravit
*   **Nutri-Score: C** - hodnocení nutriční hodnoty produktu, v tomto případě C, což značí střední kvalitu
*   Další texty a loga se týkají ekologické likvidace obalu a certifikace výrobku.

Na obrázku je zlevněný produkt z hypermarketu. Původní cena byla 89,90 Kč, nyní je produkt ve slevě 22 % a stojí 69,90 Kč. Text "AKCE!" zdůrazňuje výhodnou nabídku.

Nestlé

Dětské cereálie různé druhy 225-250 g, 100 g od 27,96

Na obrázku je krabička s cereáliemi Nesquik. 

**Popis produktu:**

*   **Název:** Nesquik
*   **Hmotnost:** 225 g
*   **Značka:** Nestlé
*   **Popis:** Cereálie Nesquik jsou čokoládové kuličky, které jsou určené k snídani. Na krabičce je zobrazena miska s cereáliemi a maskot Nesquik, zajíček.
*   **Výhodná cena:** Na krabičce je uvedeno "2 za 85,90", což znamená, že při koupi dvou krabiček cereálií zaplatíte 85,90 Kč.

Obrázek zachycuje produkt, který je ve slevě nebo výhodné nabídce v hypermarketu.

lolfin Cokolada slam

OÙ |

Anden +?

Na obrázku je reklama na zlevněný produkt v hypermarketu. Původní cena produktu je 18,90 Kč, která je přeškrtnutá. Nová cena po slevě 10 % je 16,90 Kč. V horní části je nápis "AKCE!".

## Studentská pečeť

oplatka různé druhy 30-31 g

100 g od 54,52

JU a = 156,45

IUU g = /0,0Ù

10U O

Obrázek ukazuje balíček Studentské mléčné čokolády. 

Text na obalu:

*   **Studentská** – Název produktu.
*   **Ora** – Značka.
*   **Ora je moje** - Slogan
*   **Mlécna** – Typ čokolády.

Obrázek je pravděpodobně z hypermarketu, protože na etiketě je zvýrazněna cena. Na obalu je červené pole s textem „SLEVA“, což naznačuje výprodej nebo zlevněný produkt. Cena je zvýrazněna červeně a je uvedena jako **24,90 Kč**.

Obrázek zobrazuje reklamní ceduli s informací o zlevněném produktu. Původní cena produktu je 109,90 Kč, která je přeškrtnutá. Nová, zlevněná cena je 96,90 Kč. V horní části cedule je nápis "AKCE!" a v kruhu je uvedeno "-11%", což naznačuje výši slevy.

## Dolfin Čokoláda

různé druhy 70 g 100 g = 138,43

Na obrázku je obal čokolády "Dolfin" s příchutí Vietnam. Jedná se o mléčnou čokoládu s obsahem kakaa 45%. Je označená jako "Bio" (organická). 

Na obalu je patrné označení slevy:

*   "SLEVA 20% PŘI NÁKUPU 2 KS A VÍCE"
*   "SLEVA 25% PŘI NÁKUPU 3 KS A VÍCE"

Cena čokolády je 39,90 Kč (uvedeno menším písmem). Hmotnost čokolády je 85g.

Obrázek zachycuje cenovku s informací o slevě. Původní cena produktu je 18,90 Kč, která je přeškrtnutá. Nová, zlevněná cena je 16,90 Kč. Uvedena je také sleva 10%. Cenovka je barevná, s červeným pozadím a bílým textem.

## Papita party

Obrázek ukazuje balení sušenek Papila Party. Balení má červenou barvu s bílým nápisem "Papila" a pod ním menším písmem "party". Na balení jsou vyobrazeny sušenky s barevnými kousky čokolády. Na balení je nápis "New". Neobsahuje cenu produktu.

dva druhy 63 g 100 g = 26,83

Na obrázku je reklama na zlevněný produkt z hypermarketu. Původní cena produktu byla 129,90 Kč, která je přeškrtnutá. Nyní je produkt ve slevě 15% a jeho nová cena je 109,90 Kč. Slovo "AKCE!" je napsáno červeným písmem nahoře, aby upozornilo na výhodnou nabídku.

## Ahmad Tea

sypaný černý a zelený čaj různé druhy 100 g

Na obrázku je balení čaje Ahmad Tea Earl Grey. 

**Text na obalu:**

*   **Ahmad Tea** - Značka čaje.
*   **LONDON** - Místo původu značky.
*   **EARL GREY** - Název druhu čaje.

Na spodní části obalu je vidět panorama Londýna s ikonickými budovami, jako je Houses of Parliament a Big Ben. Produkt je pravděpodobně v akci/zlevněný, ale cena není na obrázku uvedena.

Obrázek zachycuje zlevněný produkt z hypermarketu. Na bílém pozadí je výrazně napsáno slovo "VYHODNĚ!" červeným písmem. Pod tím je velkými červenými číslicemi uvedena cena: 44,90 Kč. Desetinná část (90) je napsána menším fontem. Pod cenou jsou znázorněny procentní symboly, pravděpodobně symbolizující slevu.

## Sir Winston

černý čaj různé druhy 35-36 g 100 g od 124,72

Obrázek zobrazuje balení čaje Sir Winston Tea Royal Earl Grey. Balení má tmavě zelenou barvu a je ozdobeno zlatými prvky.

Na přední straně balení je umístěno logo značky Sir Winston Tea. Pod logem je nápis "ROYAL EARL GREY". Pod nápisem je text, který popisuje čaj: "PREMIUM BLEND OF HAND PICKED KENYAN TEA". Níže je další text, který popisuje vlastnosti čaje: „THE WINSTON STRENGTH".

Na spodní části je patrné, že jde o zlevněný produkt. Cena je v Kč a vypadá, že je napsána menším fontem. Bohužel ji nelze přesně přečíst.

¿00 q

Na obrázku je logo hypermarketu Globus. Jedná se o oranžový nápis "Globus" na žlutém pozadí, obklopený zeleným ornamentem ve tvaru zeměkoule. Logo signalizuje možnost nákupu zlevněných nebo výhodných produktů v tomto obchodě. Cenu ani konkrétní produkt logo neobsahuje.

## JEŠTĚ VÍCE AKCÍ V ONLINE LETÁKU od 2. 4.  do 29. 4. 2025

Obrázek ukazuje cenovku z hypermarketu, která signalizuje zlevněný produkt. 

**Text na cenovce:**

*   **"VYHODNĚ!"** - Toto slovo zdůrazňuje, že se jedná o výhodnou nabídku.
*   **"11⁹⁰"** -  Cena produktu je 11,90 Kč.  Číslo "90" je menší, což je běžný způsob zobrazení desetinných míst na cenovkách.

Cenovka je celkově červeno-bílá, což je barva často používaná pro označení slev a akcí.

## Duplo

oplatka dva druhy

18,5 g

100 g = 64,32

Obrázek zobrazuje obal čokoládové tyčinky Duplo. Na obalu je výrazně napsáno slovo „duplo“ červeným písmem. V levém horním rohu je nápis "Ferrero" menším písmem. Na pravé straně jsou zobrazeny lískové ořechy a zelené lístky.

Na obrázku je vidět nápis "Zlevněno" (vpravo dole). Cena není uvedena.

Na obrázku je reklama na zlevněné lízátka Chupa Chups. Zobrazeno je několik barevných lízátek. V levém horním rohu je nápis "AKCE!" a červený kruh s textem "-20%". Pod tím je text "NA CUKROVINKY ZNAČKY CHUPA CHUPS". Reklama informuje o 20% slevě na cukrovinky značky Chupa Chups.

Obrázek zachycuje reklamní štítek s informací o zlevněném produktu.

*   **Text:** Nahoře je nápis "AKCE!". V kruhu je uvedena sleva "-23%". Původní cena je přeškrtnuta a činí 149,90 Kč. Nová, snížená cena je uvedena pod přeškrtnutou cenou a je 114,90 Kč.
*   **Popis:** Štítek je červeno-bílé barvy a má za účelem upoutat pozornost na zlevněný produkt.

## Lindt Creation

čokoláda různé druhy 150 g

100 g = 76,60

Na obrázku je čokoláda Lindt Creation Orange, 150g. Jedná se o tmavou čokoládu s příchutí pomeranče, obsahující 70% kakaové sušiny. 

Na obalu je napsáno:

*   **Lindt:** Značka čokolády.
*   **CREATION:** Označení řady čokolád.
*   **Orange:** Příchuť čokolády.
*   **70% CACAO:** Udává obsah kakaové sušiny v čokoládě.
*   **150g:** Hmotnost čokolády.

Obraz ukazuje polepený produkt z hypermarketu, pravděpodobně v rámci akce či výprodeje. Cena není na obrázku.

Obrázek zobrazuje cenovku z hypermarketu. 

Na cenovce je napsáno slovo "VÝHODNĚ!" červeným písmem na bílém pozadí. Pod tím je velké červené číslo "59" a pod ním menším písmem "90", což naznačuje cenu 59,90 Kč. Spodní část cenovky je vyplněna znaky "%", což může naznačovat slevu nebo speciální nabídku.

## Nutella B-ready

oplatky

132 g

100 g = 45,38

Obrázek zobrazuje balení Nutella B-ready. Balení obsahuje 6 tyčinek. Na přední straně balení je velké logo "Nutella" a pod ním nápis "B-ready". Pod nápisem je vyobrazen obrázek tyčinky Nutella B-ready. V levém dolním rohu je napsáno "čokolád / bonbon / wafer". V dolní části balení je uvedena hodnota „6x19“. Je zjevné, že se jedná o výhodné balení tyčinek Nutella B-ready.

Obrázek zobrazuje cenovku s informací o slevové akci. Původní cena produktu byla 51,90 Kč, nyní je zlevněna na 44,90 Kč. Sleva činí 13 %. Cenovka je červené barvy s bílým textem. Slovo „AKCE!“ je napsáno velkými písmeny nahoře na cenovce.

## Quadro mix

slaný mix

200 g

100 g = 22,45

Na obrázku je balení slaných pochutin "Quadro Mix" od firmy Vest. Jedná se o směs různých slaných preclíků a kroužků. 

**Text na obalu:**

*   **"QUADRO MIX"** – Název produktu, napsané výrazně uprostřed obalu.
*   **"DO ZLATAVA PEČENÉ"** – Popis produktu, zdůrazňující, že je pečeno do zlatova.
*   **"POSTA 22"** – Zlevněný produkt, patrně součást nějaké akce v hypermarketu.
*   **"209,9"** – Cena produktu je 209,9 Kč.
*   Malý štítek s českou vlajkou naznačuje, že se jedná o český výrobek.

Obrázek zobrazuje akční štítek s cenovkou. Původní cena produktu byla 229,90 Kč, která je přeškrtnuta. Nová, akční cena je 199,90 Kč. V horní části štítku je nápis „AKCE!“ a v kruhovém grafickém prvku je uvedena sleva -13 %.

Jihlavanka instantní káva 2 druhy 180-200 g 100 g od 99,95

Na obrázku je sklenice instantní kávy „Jihlavanka Standard original“. 

Text na obalu:

*   **JIHLAVANKA** – Název značky kávy.
*   **Standard original** – Druh kávy.
*   **100% zrnková káva** – Informace o složení.
*   **450g** – Hmotnost produktu.

Na obalu je také vyobrazena šálka kávy a drobné obrázky kávových zrnek. Produkt je zlevněný, což je naznačeno červeným pruhem s textem „SLEVA“ v horní části obalu. Cena není na obrázku vidět.

Na obrázku je zlevněný produkt s nápisem "AKCE!". Původní cena produktu je 83,90 Kč, po slevě 10 % je nová cena 74,90 Kč. Číslo 90 u obou cen je napsáno menším fontem, aby se zdůraznilo, že se jedná o haléře.

## Lino Lada

pomazánka různé druhy 350 g 100 g = 21,40

Obrázek zachycuje sklenici s kakaovým roztíratelným krémem Lino Lada Duo.

Na štítku je velké logo "Lino" modrou barvou a pod ním nápis "Lada Duo" červenou barvou. Pod tím je uveden text "no preservatives" (bez konzervantů) a "gluten free" (bez lepku) s ikonami. Pod tím je vidět ilustrace medvídka a pod ním rozmazaný obrázek roztřené směsi na kousku chleba. Pozadí je žluté s hnědými skvrnami.

Cena produktu není na obrázku uvedena.

Obrázek zachycuje reklamní leták hypermarketu s označením slevy na produkt. 

**Popis:**

*   **Původní cena:** 209,90 Kč (překřížená, naznačuje původní cenu)
*   **Akční cena:** 144,90 Kč (zobrazena červeným písmem, výrazná)
*   **Sleva:** -30% (označeno v červeném kruhu, signalizuje procentuální slevu)
*   **Text:** "AKCE!" (výrazný nápis, upozorňuje na probíhající akci)

Obrázek je zaměřen na upoutání pozornosti zákazníků slevou a informuje o nové, snížené ceně produktu.

Kinder

Happy moments

161 g

100 g = 90,-  100 g = 90,100 g = 90,-  100 g = 90,-

Obrázek ukazuje zlevněný balíček sladkostí "Kinder Happy Moments". Balíček má tvar osmiúhelníku a je modré barvy s různými druhy Kinder čokolád a sušenek kolem něj.

Text na obrázku:

*   **Kinder:** Značka výrobce.
*   **HAPPY Moments:** Název balíčku, naznačuje radostné okamžiky s těmito sladkostmi.

Cena není na obrázku viditelná.

Obrázek zachycuje propagační štítek s označením zlevněného produktu.

**Text:**

*   **AKCE!** - Výrazné upozornění na probíhající slevovou akci.
*   **69,90** - Původní cena produktu. Je přeškrtnuta, což naznačuje slevu.
*   **-11%** - Označuje procentuální výši slevy.
*   **61,90** - Nová, snížená cena produktu po slevě.

**Popis:**

Štítek má červeno-bílé provedení. Červený rámeček a výrazný červený nápis "AKCE!" upoutávají pozornost. Původní cena je uvedena v červené barvě s přeškrtnutím, zatímco nová cena je zvýrazněna větším písmem v červené barvě. Kulatý štítek s procentem slevy je bílý s červeným okrajem.

Millennium Riviera pralinky 125 g 100 g = 49,52

Na obrázku je balení luxusních čokolád Riviera z kolekce Millennium. Jsou to asortované čokolády s celými lískovými ořechy, kešu ořechy a mandlemi v hořké, mléčné a bílé čokoládě. Hmotnost balení je 125g. V pravém horním rohu je cena 99,90 Kč, která je přeškrtnutá a nahrazena cenou 69,90 Kč, což naznačuje slevu. Na obalu je také uvedeno "luxury assorted chocolates".

Na obrázku je zlevněný produkt. Původní cena 177,90 Kč je přeškrtnutá a nová cena je 129,90 Kč. Zlevnění činí 26%.

## Nescafé Classic

instantní káva náhradní náplň dva druhy 150 g 100 g = 86,60

Na obrázku je balení instantní kávy Nescafé Classic o hmotnosti 150 gramů. Balení je červené a bílé barvy. 

**Text na obalu:**

*   **"DOPLŇTE"** - výzva k doplnění sklenice kávy.
*   **"SVOJI SKLENICI A RECYKLUJTE MĚ"** - nápis zdůrazňuje možnost recyklace obalu.
*   **"Láhev ze 100% recyklovaných zdrojů"** - oznamuje, že obal je vyroben ze 100% recyklovaného materiálu.
*   **"150g +..."** – hmotnost produktu.
*   **"Za skvělou cenu"** – text naznačuje, že se jedná o zlevněný produkt.

Obal naznačuje, že se jedná o výhodný nákup a zdůrazňuje ekologický aspekt recyklace. Cena není na obrázku uvedena.

uell

JO]

od 2. 4.  do 29. 4. 2025

Perr

Obrázek zachycuje červenou cenovku s nápisem "VYHODNĚ!". Uprostřed je velkým červeným písmem uvedena cena "12⁹⁰". Malým fontem je uvedena číslice "90" za číslem 12, což indikuje cenu 12,90 Kč. V dolní části obrázku jsou procenta.

## Mattoni

minerální voda neochucená různé druhy 0,5 l

1 l = 25,80

Na obrázku je plastová láhev minerální vody Mattoni. Je světle zelené barvy s červeným štítkem, na kterém je bílým písmem nápis "MATTONI". Pod nápisem je drobnější text. Láhev je patrně v akci nebo se jedná o zlevněný produkt, což naznačuje kontext popisu.


Na obrázku je vidět cenovka s informací o zlevněném produktu. Původní cena produktu byla 34,90 Kč, nyní je zlevněna na 24,90 Kč. Sleva činí 28 %. Nad cenou je nápis "AKCE!".

## CANS

jemně perlivá alpská voda různé druhy 0,33 l 1 l = 75,45

## JEŠTĚ VÍCE AKCÍ V ONLINE LETÁKU

Na obrázku je vidět zlevněný produkt – balená voda Aquila přírodní. 

**Textový popis:**

*   **"VYHODNĚ!"** - oznamuje, že jde o akční cenu.
*   **"12,90"** - Cena produktu je 12,90 Kč.
*   **"Aquila přírodní"** - Název produktu.
*   **"0,5 l"** - Objem balení je 0,5 litru.
*   **"100 ml = 2,58"** - Cena za 100 ml je 2,58 Kč.

Obrázek zobrazuje 1,5litrovou PET láhev s minerální vodou Aquila nea. Na etiketě je nápis "Aquila nea" v zelené barvě. Pod ním se nachází text "příjemná voda jemné bublinky", napsané menším písmem. Dále je na etiketě napsán text "Složení: hydrogenuhličitan vápenato-magnezitový, bezuhličitý". Cena produktu není na obrázku vidět.

Na obrázku jsou tři plechovky perlivé vody "CANS" v různých barvách: žlutá s příchutí citronu, bílá s příchutí sparkling water a zelená s příchutí jablko. 

Na každé plechovce je napsáno:
* **CANS** - název produktu.
* **I AM NOT THIRSTY** - slogan.
* Pod sloganem je napsána příchuť (lemon, sparkling water, apple).
* Pod příchutí je napsáno: "Zero sugar, natural flavour, with fruit juice".

Obrázek zobrazuje výhodné balení tří plechovek perlivé vody. Cena není na obrázku uvedena.

Na obrázku je reklama na zlevněný produkt z hypermarketu. 

Text na obrázku říká:
* **AKCE!** - upozorňuje na probíhající akci.
* Původní cena **55,90 Kč** je přeškrtnutá.
* Nová cena **39,90 Kč** je uvedena většími čísly.
* **-28%** - udává procentuální výši slevy.

Celkově obrázek informuje o zlevnění produktu z původní ceny 55,90 Kč na 39,90 Kč, což představuje slevu 28%.

## Pohádkové

## bublinky

nealkoholický nápoj ochucený

různé druhy

0,7 l

1 l = 57,-

Obrázek zobrazuje zlevněný produkt v hypermarketu. Jde o cenovku ve tvaru obdélníku s obloukem nahoře. Na cenovce je napsáno velké červené písmo slovo "VÝHODNĚ!". Pod tím je velkým červeným fontem napsaná cena "16⁹⁰", což znamená 16,90 Kč. Spodní část je vyplněna znaky "%".

## Lobkowicz

Premium světlý ležák 0,5 l 1 l = 33,80 + záloha 3,-

Obrázek zobrazuje reklamu na zlevněný produkt. Dominantní prvek je výrazná cena **199,90 Kč**. Cena je napsána červeným písmem na bílém pozadí. Nad cenou je nápis **"VYHODNĚ!"** také červenou barvou. Níže se nachází řada procentních znaků. Jedná se o standardní reklamní prvek v hypermarketech, který láká zákazníky na výhodnou cenu.

Božkov Originál 37,5 % 0,7 l 1 l = 285,57

Na obrázku je láhev šumivého vína (pravděpodobně moštu nebo dětského šampaňského) s červenou etiketou. Na etiketě je ilustrace postaviček ze známé pohádky "Tři veteráni", konkrétně jde o malého Tondu, maminku a babičku. 

Text na etiketě je "Pohádkové bublinky".

Lze předpokládat, že se jedná o produkt určený dětem nebo jako součást oslav a párty.

Na obrázku je zelená skleněná láhev piva Lobkowicz. Na etiketě je napsáno velké červené písmo "LOBKOWICZ". Pod tím se nachází nápis "PREMIUM LEŽÁK" a menším písmem "PLZEŇSKÝ PIVOVAR". V dolní části je cena, kterou lze rozčíst jako "22,90 Kč".

Obrázek zobrazuje láhev Božkov Original. Na štítku je napsáno "BOŽKOV" velkými zlatými písmeny a pod tím "ORIGINAL" menším písmem. Pod tím je vyobrazen motiv lodi. Cena není na obrázku viditelná.

Na obrázku je červený reklamní štítek z hypermarketu, který informuje o zlevněném produktu. 

V horní části štítku je napsáno velké červené písmo slovo "VÝHODNĚ!".

Uprostřed štítku je zobrazena cena "19⁹⁰", což znamená 19,90 Kč. Číslo 90 je napsáno menším písmem, což zdůrazňuje, že jde o desetinné místo.

V dolní části je několik znaků "%" které nemají zjevný význam.

## Lipton Ice Tea

různé druhy 0,5 l 100 ml = 3,98

Obrázek zachycuje zlevněný produkt z hypermarketu, konkrétně cenovku. 

**Text na obrázku:**

*   **"VYHODNĚ!"** - Výkřik, který signalizuje výhodnou cenu.
*   **"49⁹⁰"** - Cena produktu v korunách českých, kde "90" je vypsáno menším fontem a odděluje celé číslo od desetinných míst.

## Red Bull

eneregetický nápoj 0,473 l 1 l = 105,50

Na obrázku je zlevněný/výhodný produkt z hypermarketu. Na bílém pozadí je červeným písmem napsáno slovo "VYHODNĚ!". Pod ním je velkým červeným písmem cena produktu: **145⁹⁰**.  Číslo 90 je napsáno menším písmem, což naznačuje desetinná místa. Spodní část obrázku tvoří řada symbolů procent (%) v červené barvě.

Pilsner Urquell světlý ležák 6× 0,33 l sklo + záloha 18,1,98 l 1 l = 73,69

Obrázek zachycuje cenovku z hypermarketu s nápisem "VYHODNĚ!". Cena produktu je 199,90 Kč. Číslo 90 je menší a umístěno jako exponent u čísla 199, což naznačuje desetinná místa. Celkový dojem je, že se jedná o zlevněný produkt nabízený za výhodnou cenu.

Božkov Vodka 37,5 % 0,7 l 1 l = 285,57

Na obrázku je plastová láhev ledového čaje Lipton Lemon. Láhev je průhledná s tmavě hnědou tekutinou uvnitř. Etiketa je zelená a zobrazuje plátky citronu a listí. Nahoře je velké bílé logo "Lipton" v červeném rámečku. Pod logem je nápis "Lemon" modrou barvou. Cenu nebo výhodné označení na obrázku nevidím.

Na obrázku je plechovka energetického nápoje Red Bull. Plechovka je rozdělena na dvě části - modrou a bílou. V horní části, na modrém pozadí, je napsáno červeným písmem "Red Bull" a pod ním je logo s dvěma červenými býky. Pod logem je napsáno "ENERGY DRINK". Pod tím je v dolní části plechovky nápis „SLEVA“ a cena produktu je vypsána jako „19,90Kč“.

Na obrázku je balení šesti lahví piva Pilsner Urquell. Jedná se o zlevněný produkt, jak naznačuje označení "výhodné balení".

**Text na obrázku:**

*   **Pilsner Urquell:** Název značky piva.
*   **6x0,33l:** Udává množství lahví (6) a jejich objem (0,33 litru).
*   **1,98l:** Celkový objem balení.
*   **399,-** Cena balení v českých korunách.

Produkt je balen do zeleného kartonu, který drží lahve pohromadě.

Na obrázku je lahev vodky Božkov. Na štítku je napsáno "BOŽKOV" velkým písmem a pod ním "VODKA". Pod tím je vyobrazen znak s orlicí. V horní části štítku se nachází nápis "PREMIUM", který naznačuje, že se jedná o kvalitnější variantu vodky. Pod tím je nápis "40% vol." což značí obsah alkoholu. Na fotografii se neobjevuje žádná cena, takže nelze posoudit, zda se jedná o zlevněný produkt.

Na obrázku je zlevněný produkt z hypermarketu. Původní cena produktu byla 49,90 Kč, která je přeškrtnutá. Nová cena po slevě je 39,90 Kč. Nad cenami je nápis "AKCE!" a vedle zlevněné ceny je kruh s nápisem "-20%".

## Perrier

přírodní minerální voda sklo 0,75 l 1 l = 53,20

Obrázek zobrazuje zelený štítek s nápisem "NOVÉ v Globusu". Štítek je doplněn bílou hvězdou. Jde o značku, která upozorňuje na nově zavedené produkty v obchodní síti Globus. Cena není uvedena.

Obrázek zobrazuje cenovku s nápisem „VYHODNĚ!“ nahoře. Následuje červeně napsaná cena **24,90 Kč**. Ceny jsou na hypermarketových cenovkách často psány takto, aby upozornily na výhodnou cenu produktu.

## Coca-Cola

Sprite, Fanta různé druhy 0,5 l 1 l = 49,80

Obrázek ukazuje tři plastové lahve od limonád: Sprite, Coca-Cola a Fanta. Všechny lahve jsou postavené vedle sebe. Coca-Cola je umístěna uprostřed a je zdůrazněna jako hlavní produkt.

Na etiketách Coca-Coly je nápis „Coca-Cola ORIGINAL TASTE“. Na etiketě Sprite je logo a nápis „Sprite“. Na etiketě Fanta je logo a nápis „Fanta“.

Na etiketě Coca-Coly je napsáno: „1,5l láhev za 29,90 Kč.“ 


Obrázek zobrazuje cenovku, která oznamuje výhodnou cenu produktu. 

**Text na cenovce:**

*   **"VYHODNĚ!"** - upozorňuje na zlevněnou cenu.
*   **"11⁹⁰"** - Cena produktu je 11,90 Kč. Číslo 90 je menší a naznačuje haléře.

Cenovka je červená a bílá, což je typické pro cenovky s akcemi a zlevněnými produkty.

## Platan Desítka

světlé výčepní pivo 0,5 l

1 l = 23,80

+ záloha 3,-

Obrázek zobrazuje láhev piva Platan Desítka. 

Na etiketě je vidět nápis "Platan" velkými zelenými písmeny na bílém oválném podkladu s motivem listu stromu Platanu. Pod ním je nápis "DESÍTKA" a pod ním další text, který je hůře čitelný, pravděpodobně popisující typ piva a jeho složení. Cena není na obrázku viditelná.

Obrázek zachycuje reklamu na zlevněný produkt z hypermarketu.

**Popis:** Jde o červenou reklamu s bílým podkladem. V horní části je nápis "AKCE!" v bílém fontu. Napravo od nápisu je kruh s číslem "-17%" v červené barvě, což značí procento slevy.

Původní cena produktu je 72,90 Kč, která je přeškrtnutá červenou linií. Nová cena je zobrazena velkými červenými čísly: 59,90 Kč. Číslo "90" je menší, aby bylo jasně odděleno od celých jednotek.

Reklama má za cíl upozornit zákazníky na slevu a povzbudit je k nákupu.

## Jack Daniel's and Coca-Cola

Míchaný alkoholický nápoj z tradiční Tennessee whisky Jack Daniel's Old No.7 různé druhy 0,33 l 1 l = 181,52

Obrázek zachycuje výrazný nápis označující zlevněný produkt v hypermarketu. Na bílém podkladu je červeně napsáno slovo „VYHODNĚ!“ nad velkým číslem „639⁹⁰“. Číslo „9⁰“ je napsáno menším písmem, což indikuje desetinné místo, takže cena produktu je 639,90 Kč. Pod číslem se nachází řada symbolů "%", které pravděpodobně signalizují procentuální slevu, ale konkrétní výše slevy není uvedena. Celkový design je zaměřen na upoutání pozornosti a zdůraznění výhodné ceny.

## Roku Gin

43 % 0,7 l 1 l = 914,14

Na obrázku je plechovka s kombinací nápoje Coca-Cola a whiskey Jack Daniel's. Plechovka je černá s logy obou značek. Nahoře je logo Jack Daniel's s nápisem "Old No.7 Tennessee Whiskey". Uprostřed je červené logo Coca-Cola. Na spodní části plechovky je nápis "Alc. 5% Vol. 330ml". Jedná se o kombinovaný nápoj s obsahem alkoholu.

Na obrázku je zlevněný produkt, pravděpodobně v hypermarketu. Na červeném štítku je napsáno "AKCE - 99,90 Kč". Produkt je rozmazaný, takže není možné určit, o jaký produkt se jedná, ale z tvaru by se mohlo jednat o balení pracího prášku nebo podobného čisticího prostředku.

Obrázek zobrazuje láhev ginu Roku Gin. Na etiketě je napsáno:

*   **"Roku Gin"** – název produktu
*   **"Distilled in Japan"** – vyrobeno v Japonsku
*   **"Japanese Craft Gin"** – japonský řemeslný gin
*   Číslo **"6"** napsané v japonštině (roku znamená šest).

Na etiketě je také logo s červeným čtverečkem a nápisem. Produkt je pravděpodobně v akční nabídce hypermarketu.

Na obrázku je logo hypermarketu Globus. Je zobrazen nápis "Globus" v oranžové barvě s bílým stínem, obklopený zeleným ornamentem ve tvaru zeměkoule. Logo signalizuje výprodej nebo speciální nabídky v daném obchodě. Cenu ani konkrétní produkt na obrázku nevidím.

NE!

1 Kalhotky a vlasy

ly

Obrázek obsahuje logo hypermarketu Globus. Je to oranžový nápis "Globus" na oranžovém pozadí, s logem v podobě zeleného zemitrace s bílými liniemi kolem. Logo pravděpodobně naznačuje, že se jedná o akční nabídku nebo slevu v tomto hypermarketu.

Na obrázku je reklama na zlevněný produkt. Původní cena produktu je 219,90 Kč, která je přeškrtnutá. Nyní je produkt v akci za 149,90 Kč. Sleva činí 31 %.

## Elode

dámská EdP

100 ml

Obrázek zobrazuje cenovku s nápisem „VYHODNĚ!“ a cenou 49,90 Kč. Cena je zvýrazněna velkým červeným písmem, zatímco nápis „VYHODNĚ!“ je umístěn v menším písmu nad cenou. Pod cenou jsou opakovaně zobrazeny znaky procenta, což naznačuje slevu nebo akční nabídku.

## Protex Cream

tekuté mýdlo

300 ml

100 ml = 16,63

Mach3 Charcoal dr

Na obrázku je vidět obal produktu "So Lovely" s motivem rozkvetlého stromu. Produkt je zřejmě kosmetický nebo toaletní, vzhledem k designu obalu. Na obalu je nápis "So Lovely" a malým písmem "100% natural origin". Cena produktu není na obrázku uvedena. Z obrázku není zřejmé, zda se jedná o zlevněný produkt.

Na obrázku je bílá láhev na tekuté mýdlo značky Protex Cream. 

Text na láhvi:

*   **Protex** - Název značky.
*   **Cream** - Typ mýdla (s krémem).
*   **For the good health of your skin** - "Pro zdraví vaší pokožky".
*   **Helps to protect against bacteria** - "Pomáhá chránit proti bakteriím".
*   **Liquid Hand Wash** - "Tekuté mýdlo na ruce".

Na obalu je také logo s ilustrací kapky a nápisem "Dermatologicky testováno".

Obrázek neobsahuje cenu.

Obrázek zobrazuje cenovku/štítek s informací o zlevněném produktu. 

*   **Text:** Nahoře je napsáno slovo "VYHODNĚ!" což signalizuje zlevněný produkt.
*   **Cena:**  Hlavní část cenovky obsahuje cenu **59,90 Kč**. Číslo 90 je napsáno menším písmem, což je běžné označení desetinných míst v cenovkách.
*   **Vzhled:** Celý štítek je barevný (červeno-bílá kombinace), což má upoutat pozornost zákazníků.

## Naturella Classic

dámské vložky různé druhy 14–18 ks, 1 ks = 3,33 –4,28

Na obrázku je balení dámských vložek "Naturella Classic" ve variantě "PACK XL". Balení obsahuje 2x 40 kusů vložek (celkem 80 kusů). Vložky jsou označeny jako "normal" a "super".

Na obalu je nanesena cenovka s nápisem "2+1 zdarma". Cena celého balení není uvedena. V popředí je ilustrace heřmánků, které korespondují s názvem značky.


Obrázek zachycuje reklamní štítek s označením zlevněného zboží. Dominantní prvek je velký červený nápis "549⁹⁰", který značí cenu produktu v korunách českých. Číslo "90" je napsáno menším fontem a naznačuje haléře. Nahoře se nachází nápis "VÝHODNĚ!", který zdůrazňuje výhodnou cenu produktu. Spodní část obrázku obsahuje opakující se symbol "%", pravděpodobně značící procentuální slevu, ale přesné procento není uvedeno.

## O.B.

menstruační kalhotky různé velikosti

Obrázek zobrazuje balení kalhotek pro menstruaci značky ob. na světle tyrkysovém pozadí. Na obalu je vyobrazena žena v černém topu a černé spodní prádle. Nad ní je nápis "ob." v bílém kruhu a pod ní nápis "Period Underwear". 

Pod nápisem "Period Underwear" jsou čtyři ikony s textem, které pravděpodobně popisují vlastnosti produktu:

*   **12h** - naznačuje 12hodinovou ochranu
*   **ECO** - označuje ekologický aspekt produktu
*   **Comfort** - pravděpodobně značí pohodlnost
*   **Size 2** - pravděpodobně označuje velikost 2

Na spodní části balení je nápis "Heavy Flow" s grafickou reprezentací intenzity (4 kapičky) a nápis "1x panty". V pravém horním rohu je štítek "XS/S". V levém horním rohu je štítek "NEW".

Obrázek zachycuje reklamní štítek s informací o zlevněném zboží. Hlavním prvkem je cena **199,90 Kč**, která je zvýrazněna velkým červeným písmem. Nad cenou je napsáno slovo "**VÝHODNĚ!**", které signalizuje slevu nebo výhodnou nabídku. Pod cenou je řada procent, pravděpodobně se jedná o výši slevy. Štítek je bílý s červeným orámováním a nápisy.

## Elmex

zubní kartáčky různé druhy 3 ks 1 ks = 66,63

Obrázek zobrazuje balení tří zubních kartáčků Almay, které jsou označeny jako "Ultra Soft". Balení je zlevněné a na přední straně je nápis "3x levněji". Na obalu je také logo švýcarské kvality a nápis "ultra soft" napsaný bílým písmem na modrém pozadí. Kartáčky mají modré a bílé provedení s modrým pruhem. Zřejmě jde o výhodné balení zubních kartáčků nabízené v hypermarketu. Cena není na obrázku vidět.

## JEŠTĚ VÍCE AKCÍ V ONLINE LETÁKU od 2. 4.  do 29. 4. 2025

Obrázek zachycuje zlevněný produkt v hypermarketu. Původní cena produktu byla 349,90 Kč, která je přeškrtnutá. Nová, zlevněná cena je 249,90 Kč. Uvedena je sleva ve výši 28 %. Text „AKCE!“ signalizuje, že se jedná o výhodnou nabídku.

Obrázek zachycuje zlevněný produkt s cenovkou.

*   **Nadpis:** Výrazný nápis "AKCE!" upozorňuje na slevu.
*   **Původní cena:** 499,90 Kč je přeškrtnuta, což indikuje, že se jedná o původní, vyšší cenu.
*   **Sleva:** Vedle ceny je uveden kruh s nápisem "-30%", což znamená, že je produkt zlevněn o 30%.
*   **Nová cena:** Pod přeškrtnutou cenou je uvedena nová cena 349,90 Kč, což je cena po slevě.

Celkově se jedná o reklamu na zlevněný produkt, která má za cíl přilákat zákazníky nižší cenou.

## Reebok

pánská EdT různé druhy 50 ml 100 ml = 499,80

Na obrázku je parfém Reebok Move Your Spirit. Parfém je v průhledném obdélníkovém flakonu s modrým uzávěrem a modrým proužkem s nápisem "MOVE YOUR SPIRIT". Cena není na obrázku uvedena.

Obrázek ukazuje balení pánského parfému Jaguar For Men Evolution. Vidíme samotnou lahvičku a její kartonové balení.

**Text na obalu:**

*   **JAGUAR** (logo značky)
*   **FOR MEN**
*   **EVOLUTION**
*   **Eau de Toilette Vaporisateur Natural Spray** (typ produktu)
*   **100 ml 3.4 FL.OZ. 80% VOL.** (objem a obsah alkoholu)

Produkt je zřejmě v akci, což naznačuje označení "Výhodná cena" v levém horním rohu. Cena není na obrázku uvedena.

Obrázek zobrazuje cenovku s nápisem "VYHODNĚ!" v horní části. Pod tím je velkým písmem zobrazena cena **49⁹⁰ Kč**. Dolní část obrázku obsahuje řadu symbolů procent (% ), které pravděpodobně signalizují procentuální slevu. Celkově jde o cenovku oznamující výhodnou cenu 49,90 Kč za nějaký produkt v hypermarketu.

## Authentic Toya Aroma

sprchový gel

různé druhy

400 ml

100 ml = 12,48

Obrázek zobrazuje cenu zlevněného produktu v hypermarketu. V horní části je nápis "VYHODNĚ!". Pod tím je velkým červeným písmem uvedena cena: **199<sup>90</sup>**. Cena je v českých korunách (Kč) a desetinná místa jsou menším písmem. Celkově obrázek signalizuje výhodnou cenu a snahu přilákat zákazníky.

## Wilkinson Sword

Xtreme3

dámská holítka

12 ks

1 ks = 16,66

79 90

## Bella

intimní emulze

různé druhy

300 ml

100 ml = 26,63

193 90

## Elmex Sensitive

ústní voda

400 ml

100 ml = 48,48

Obrázek ukazuje balení sprchového gelu "Authentic Toya Aroma Refresh Shower Gel Red Watermelon". 

Na přední straně balení je několik textových elementů:

*   **AUTHENTIC TOYA AROMA** – značka a řada produktu
*   **Refresh** – název varianty sprchového gelu
*   **SHOWER GEL** – typ produktu
*   **Red Watermelon** - Vůně sprchového gelu
*   **S DUSÍKATOU POMOCÍ ESENCIÁLNÍCH OLEJŮ NATURAL FRAGRANCE** - Popis produktu zdůrazňující přítomnost esenciálních olejů a přírodní vůni.
*   **BEZPEČNÉ PRO POKOŽKU**
*   **DERMATOLOGICKY TESTOVÁNO**
*   Cena produktu bohužel není na obrázku vidět.

Na obrázku je balení holicích hlavic Xtreme 3 Sensitive Comfort. 

Na obalu je napsáno:
*   **Xtreme 3** - název produktu
*   **Sensitive Comfort** - varianta pro citlivou pokožku
*   **3 blades** - 3 břity
*   **8 + 4** - balení obsahuje 8 hlavic + 4 zdarma
*   **Cena: 199,90 Kč** - akční cena balení.

Na obrázku je balení intimního mycího gelu Bella Sensitive Delicate Emulsion. 

**Popis produktu:**

*   **Značka:** Bella
*   **Produkt:** Sensitive Delicate Emulsion (intimní mycí gel)
*   **Určení:** Pro intimní hygienu
*   **Vlastnosti:** Jemné složení, vhodné pro citlivou pokožku. Obsahuje složky jako allantoin, D-panthenol a glycerín. Obsahuje i kyselinu mléčnou (lactic acid).

**Text na obalu:**

*   **Bella Sensitive:** Označuje řadu výrobků určených pro citlivou pokožku.
*   **Intimate Wash:** Informuje, že se jedná o mycí gel pro intimní hygienu.
*   **Delicate Emulsion Formula:** Popisuje typ složení produktu - jemná emulze.
*   **Allantoin, D-Panthenol, Glycerin, Lactic Acid:** Uvádí hlavní složky produktu, které přispívají k jeho účinnosti a šetrnosti.
*   **Emulsja do higieny intymnej:** Znění v jiném jazyce, pravděpodobně polském, opět označující mycí gel pro intimní hygienu.

Cena produktu není na obrázku vidět.

Na obrázku je balení zubní pasty Elmex Sensitive. Je to bílé balení s dominantním zeleným nápisem "elmex" na přední straně. 

Na horní straně je zelený obdélník s nápisem "SENSITIVE". Pod ním je nakreslený jednoduchý obrázek zubu.

Pod nápisem je dlouhý text, který vypadá jako složení a popis pasty, ale je příliš malý na čitelnost.

Na spodní straně balení je nápis "fluorid 1450 ppm". Je to zřejmě informace o koncentraci fluoridů v pastě.

Cena je 79,90 Kč.

## Jaguar

pánská EdT různé druhy 100 ml

Neplatí pro hypermarket Praha-Štěrboholy.

Na obrázku je reklama na zlevněný produkt.

*   **Nadpis:** „AKCE!“ – upozorňuje na probíhající akci.
*   **Původní cena:** 149,90 Kč – je přeškrtnutá, čímž se zdůrazňuje sleva.
*   **Nová cena:** 129,90 Kč – je zobrazena velkým písmem a indikuje zlevněnou cenu.
*   **Sleva:** -13% – kruhová grafika s procentuální hodnotou slevy.

Celkově obrázek informuje o produktu, který je nyní v prodeji za 129,90 Kč, s 13% slevou z původní ceny 149,90 Kč.

## Tresemmé

šampon na vlasy různé druhy 400 ml 100 ml = 32,48

Na obrázku je balení šamponu Tresemmé. Konkrétně jde o šampon z řady Botanique, s označením "Cleanse".

**Text na obalu:**

*   **TRESemmé** – Značka vlasové kosmetiky.
*   **BOTANIQUE** – Podřada šamponů s důrazem na přírodní složky.
*   **CLEANSE** – Označení typu šamponu, pravděpodobně se jedná o čisticí šampon.
*   **S VITAMIN COMPLEX** – Obsahuje komplex vitamínů.
*   **Pro vnější a vnitřní vitalitu** - uvádí účinek šamponu
*   **PĚNA Z PŘÍRODNÍHO EXTRAKTU** - složení šamponu

V dolní části balení je uvedena cena: **129,⁹⁰ Kč** (cena je zvýrazněna).

Balení je černé s zelenými prvky, což může naznačovat důraz na přírodní složky.

Na obrázku je reklama na zlevněný produkt. V horní části je nápis "VYHODNĚ!". Uprostřed je velkými číslicemi zobrazena cena "549,90", což znamená 549 korun a 90 haléřů. V dolní části jsou patrné procenta, pravděpodobně značící výši slevy.

## Gillette Mach3 Charcoal

náhradní hlavice

8 ks

1 ks = 68,74

Na obrázku je cenovka s nápisem "VYHODNĚ!". Cena produktu je 59,90 Kč. Nápis "VYHODNĚ!" naznačuje, že se jedná o zlevněný produkt. Číslo 90 je napsáno menším písmem než 59, což vizuálně zdůrazňuje cenu.

## Bella Perfekta

Ultra dámské vložky

různé druhy

20 ks

1 ks = 3,-

Na obrázku je balení náhradních břitů Gillette Mach3 Charcoal. Jsou to náhradní břity pro holicí strojek Gillette Mach3, které obsahují uhlí pro hladší klouzání a čištění. Balení obsahuje 8 břitů.

V levém horním rohu je žlutý štítek s číslicí "8", což pravděpodobně označuje počet kusů v balení. Pod tím je nápis "Gillette Mach3 Charcoal" a pod tím je malý obrázek břitu. V dolní části balení je žlutý pruh s nápisem "8", pravděpodobně označující cenu 80 Kč nebo 8,00 Kč. Napravo od tohoto pruhu je malý symbol zámku s kolečkem, což může znamenat, že se jedná o produkt v akci nebo s extra výhodou.

Obrázek zachycuje balení menstruačních vložek Bella Perfecta Slim Rose. Na obalu je vidět růžový motiv s květy růží.

Text na obalu:

*   **Bella** - Značka výrobku.
*   **Perfecta Slim Rose** - Název konkrétního typu vložek.
*   **Soft** -  Označuje jemnost vložek.
*   **20** -  Počet vložek v balení.
*   **Dual fresh** -  Zdůrazňuje technologii pro svěžest.

Na obalu je také vidět grafické znázornění jedné vložky.

Obrázek ukazuje reklamní leták na produkty značky Natuvell určené pro péči o nehty. Na letáku jsou dvě balení tohoto produktu, jedno s modrými prvky a druhé s oranžovými.

**Text na obrázku:**

*   **AKCE!** - Velký nápis upozorňující na probíhající akci.
*   **-30%** -  Zlevnění až 30% na vybrané produkty.
*   **NA VYBRANÉ VÝROBKY PÉČE O NEHTY ZNAČKY NATUVELL** -  Uvádí, na jaké produkty se akce vztahuje.
*   **nagellack HAÜTNAGE** - Na obalech je tento nápis, pravděpodobně se jedná o konkrétní řadu nebo typ produktu.

0

Joy arket Havirov

od 2. 4.  do 29. 4. 2025

Obrázek zobrazuje zlevněný produkt z hypermarketu. Původní cena produktu byla 149,90 Kč, která je přeškrtnuta. Nyní je produkt nabízen za 99,90 Kč. Sleva činí 33 %. Text "AKCE!" je napsán nahoře červeným písmem, aby upoutal pozornost zákazníka.

## Merkur

prášek nebo gel 60 dávek 1 dávka = 1,67

Obrázek zachycuje červenou cenovku s nápisem "VYHODNĚ!". Pod ním je velkým červeným písmem napsána cena "59⁹⁰", což znamená 59 korun a 90 haléřů. Cena je zlevněná, což naznačuje nápis "VYHODNĚ!". Spodní část cenovky je vyplněna procenty.

## Pur

prostředek na nádobí různé druhy 750 ml 100 ml = 7,99

Obrázek zobrazuje cenu s nápisem "Výhodně!". Cena je 69,90 Kč. Nápis "Výhodně!" signalizuje slevu nebo akční cenu.

## Dr. Devil

WC point různé druhy 75 ml 100 ml = 93,20

Na obrázku je reklama na zlevněný produkt z hypermarketu. Dominantní prvek je velké červené číslo **32<sup>90</sup>**, které představuje cenu v českých korunách. Cena je uvedena jako 32 korun a 90 haléřů. 

Nad cenou je napsáno slovo **"VYHODNĚ!"** velkými červenými písmeny, což naznačuje, že se jedná o akční cenu. Pod cenou jsou symboly procent (%) opakující se několikrát, pravděpodobně signalizující procentuální slevu.

## Dreamies

pochoutky pro kočky různí druhy 60 g 100 g = 54,83

## JEŠTĚ VÍCE AKCÍ V ONLINE LETÁKU

Na obrázku je zelená plastová lahev s pracím gelem Merkur. Lahev má objem 1,5l. Na etiketě je výrazně napsáno "Merkur" velkým bílým písmem. Pod ním je text "Pro bílé a barevné prádlo, tekutý prací gel", napsaný menším písmem. V levém dolním rohu je červený rámeček s textem "Slevová akce" a pod tím je cena "31,90 Kč".

Na obrázku je balení čisticího prostředku Calgon Power. Je to modrá plastová láhev s bílým znakem Calgon a nápisem "Power" pod ním. V horní části láhve je štítek "3v1", který naznačuje, že produkt má trojnásobnou funkci: odstraňuje vodní kámen, chrání pračku a zlepšuje prací účinnost. V levém dolním rohu láhve je označení "101", které pravděpodobně naznačuje slevu. Pod tím je nápis "299,90 Kč", což je cena produktu.

teKu

Nep

Obrázek zobrazuje balení sprchového gelu Pur Secrets of Care Balsam Aloe Vera. Na obalu je logo značky Pur v červené barvě. Pod logem je nápis "Secrets of Care Balsam Aloe Vera" v modré a zelené barvě. Balení je bílé s modrými prvky znázorňujícími vodu a listy aloe vera. V dolní části balení je uvedena akční cena: **199,90 Kč**.

Obrázek zachycuje balení WC tabletek Mr. Proper v limitované edici "Blooming Blossom". Balení obsahuje 12 tabletek a je ve fialovo-bílé barvě. 

Na obalu je vyobrazen maskot Mr. Proper v podobě opice, radostně gestikulující. 

Text na obalu:
* **Mr. Proper** - název značky.
* **Blooming Blossom** - označení vůně.
* **12x** - udává počet tablet v balení.
* **S vůní oceánu** - popis vůně.
* **Chrání proti vodnímu kameni a nečistotám** - informace o vlastnostech produktu.
* **S dlouhotrvající svěžestí** - další informace o produktu.
* **179,90 Kč** - cena výrobku.

Obrázek zobrazuje balení kočičích pamlsků Dreamies. Balení je žluté a na něm je vyobrazen kotka v ležící poloze. Nad ní jsou nakreslené plátky pamlsků. Nahoře je nápis "Dreamies" a dole údaj o hmotnosti 60g.  Text na levé straně balení se mi nepodařilo přečíst.

Obrázek zachycuje cenovku se slevou v hypermarketu. Původní cena produktu byla 219,90 Kč, nyní je zlevněna na 189,90 Kč. Sleva činí 13 %. Slovo "AKCE!" upozorňuje na výhodnou nabídku.

Gourmet krmivo pro kočky různé druhy 12× 85 g 100 g = 18,62

Na obrázku je balení krmiva pro kočky Gourmet Gold. V popředí je bílá kočka a na pravé straně talíř s krmivem.

**Text na obalu:**

*   **Gourmet Gold** (hlavní značka a řada)
*   **KAWALKI W SOSIE + KUSKY VE STAWE** (polsky: kousky v omáčce + kousky ve vlastní šťávě – popis produktu)
*   **10X 85g** – balení obsahuje 10 kusů po 85 gramů.
*   Následuje výčet příchutí v polštářcích (např. kuřecí, hovězí, krůtí, losos).
*   Dále je na obalu uvedena hmotnost a informace o výrobci.

Obrázek zobrazuje zlevněný produkt, který je nabízen ve velkém balení.

Obrázek zobrazuje cenovku z hypermarketu. Je na ní napsáno velké červené písmo: "329⁹⁰". Text "VYHODNĚ!" je napsán menším písmem v červeném pruhu nahoře. Cena je 329,90 Kč. Spodní část cenovky je tvořena řadou znaků "%".

Calgon Power gel změkčovač vody 750 ml 100 ml = 43,99

Obrázek zachycuje reklamu na zlevněný produkt. Výrazně je zvýrazněna cena **159,90 Kč**. Nad cenou je nápis **"VYHODNĚ!"**, který zdůrazňuje výhodnost nabídky. Pod cenou jsou znaky "%" uspořádané v řadě, pravděpodobně se jedná o procentuální slevu, která není na obrázku uvedena.

## HG

tekutý čistič odpadů 1 l

Neplatí pro hypermarket Havířov.

Na obrázku je balení tekutého čističe odpadů HG. Je to bílá plastová láhev o objemu 1 litr. Na štítku je nápis "HG" velkými písmeny a pod ním "odpad". Dále je napsáno "tekutý čistič odpadů" opakovaně. Pod štítkem je grafické zobrazení zakřivené trubky, která představuje potrubí. V levém dolním rohu je červený štítek s cenou **299,90 Kč**. Je zjevné, že jde o výhodný/zlevněný produkt z hypermarketu.

Na obrázku je zlevněný produkt – Bref Color Aktiv WC blok. Je označen nápisem "Výhodně!". Cena tohoto produktu je 119,90 Kč. Pod cenou je uvedeno, že balení obsahuje 4 kusy po 50g a cena za jeden kus by byla 59,95 Kč.

Obrázek zachycuje balení toaletních tablet Bref Color Aktiv+ s vůní eukalyptu. Balení obsahuje 10 tablet.

Text na obalu:

*   **Bref** – název značky.
*   **COLOR AKTIV+** – typ produktu, toaletní tablety určené pro barevné toalety.
*   **Eucaplytus** - vůně tablet.
*   **50% SHINE** -  zdůrazňuje, že produkt zajišťuje o 50% vyšší lesk.
*   **PREMIUM** - naznačuje kvalitní provedení výrobku.

Obrázek naznačuje, že se jedná o zlevněný produkt, který je nabízen v hypermarketu. Bohužel cena není uvedena.

Na obrázku je zlevněný produkt. Původní cena produktu byla 34,90 Kč, což je přeškrtnuté. Nová, zlevněná cena je 25,90 Kč. Vedle ceny je kruh s textem "-25%", což znamená, že produkt je zlevněn o 25%. V horní části obrázku je nápis "AKCE!".

## Bites&amp;Fun

pochoutky pro psy různé druhy

85 g 100 g = 30,47

Neplatí pro hypermarket Praha-Štěrboholy.

Na obrázku je zlevněný produkt s cenovkou. Cenovka je červeno-bílá. Nahoře je nápis "VYHODNĚ!" červeným písmem. Pod ním je velkým červeným písmem uvedena cena: 59,90 Kč. Pod cenou jsou dále uvedeny znaky %, pravděpodobně značící procentuální slevu.

## Sheba

kapsičky pro kočky 4× 85 g, 100 g = 17,62 6× 50 g, 100 g = 19,97

Na obrázku je balíček psích pamlsků „Bites & Fun Chicken Bites“. Balíček má žluté pozadí a obsahuje ilustrace dvou psů, jednoho zlatého a druhého modrého. Oba psi se dívají na misku plnou pamlsků ve tvaru kosti.

Text na obalu:

*   **Bites & Fun** - Název produktu.
*   **FOR DOGS** - Určení produktu - pro psy.
*   **Chicken Bites** - Chuť pamlsků - kuřecí.

Cena není vidět na obrázku.

Na obrázku je balení kočičí konzervy Sheba Fresh & Fine v příchuti s kuřecím masem. 

Na přední straně balení je velké logo Sheba a nápis "Fresh & Fine". Pod tím je uvedena příchuť "s kuřecím masem". Níže jsou dva oranžové štítky s textem "Pro dokonalou kombinaci chutí" a "s dušeným kuřecím masem". 

Vpravo nahoře je uvedeno "6x50g", což značí, že balení obsahuje šest konzerv po 50 gramů. 

Na straně balení je patrný text, který popisuje složení a nutriční hodnoty, ale je příliš malý na detailní rozluštění.

Obrázek zachycuje zlevněný/výhodný produkt z hypermarketu. V horní části je nápis "VYHODNĚ!", který signalizuje slevu. Uprostřed je velkým červeným písmem uvedena cena 84,90 Kč. Číslo 90 je menším fontem, což naznačuje desetinná místa. V dolní části jsou opakovaně uvedené znaky "%", pravděpodobně symbolizující procentuální slevu, která se k danému produktu vztahuje.

## Tesori

aviváž různé druhy 38 dávek 1 dávka = 2,23

Obrázek zobrazuje červenou cedulku s nápisem "VÝHODNĚ!". Pod ním je velkými červenými číslicemi zobrazena cena **69,90 Kč**. V dolní části cedulky jsou opakující se znaky "%", pravděpodobně indikující procentuální slevu, ale konkrétní hodnota slevy není uvedena. Celkově se jedná o propagační materiál hypermarketu, který má lákat zákazníky na zlevněný produkt.

## Real

dezinfekční prostředek proti plísni 550 g 100 g = 12,71

Obrázek zobrazuje cenu 89,90 Kč. Nad cenou je napsáno slovo „VÝHODNĚ!“, což naznačuje, že se jedná o zlevněný nebo výhodný produkt. Červený rámeček a výrazná cena slouží k upoutání pozornosti zákazníka.

## Bref

tekutý čistič ve spreji do koupelny 750 ml

100 ml = 11,99

139 90

Obrázek obsahuje logo hypermarketu Globus. Je napsáno výrazným oranžovým písmem na oranžovém podkladu a orámováno zeleným vzorem připomínajícím Zemi. Logo signalizuje možnost výhodných nákupů v tomto obchodě. Vzhledem k tomu, že neobsahuje konkrétní produkt ani cenu, nelze popsat zlevněný produkt.

Na obrázku je láhev šamponu „Tesori d'Oriente Ayurveda“. Láhev je modrá s bohatými, zdobenými orientálními vzory v růžové, oranžové a zelené barvě. 

Na štítku je napsáno:

*   **Tesori d'Oriente** - název značky.
*   **AYURVEDA** - naznačuje, že šampon obsahuje ingredience a inspiraci z ajurvédské medicíny.
*   **S obsahem mandlového oleje** - zdůrazňuje přidanou hodnotu produktu.
*   **Výhodná cena** - je zde nápis „výhodná cena“ a také číslo **39** (přibližně) – tedy cena je 39 Kč.

Na obrázku je zelená láhev s rozprašovačem od značky Real. Na etiketě je napsáno "Proti plísním", což naznačuje, že se jedná o čisticí prostředek určený k odstraňování plísní. Dále je uvedeno "Vysoká účinnost", "Snadné čištění", "Prevence proti růstu plísní".  Je zde uvedena i cena: **139,90 Kč** a objem 500ml.  Na etiketě jsou také ikonky s nápisem "Ochrana proti vlhkosti" a "Testováno a doporučeno".

Na obrázku je láhev s čisticím prostředkem na koupelnu značky Bref. 

*   **Produkt:** Bref Bathroom (čisticí prostředek na koupelnu)
*   **Objem:** 750 ml
*   **Text na obalu:**
    *   "Bref" - Název značky.
    *   "Bathroom" - Označení produktu.
    *   "Limescale & Soap Scum" - Upozornění na to, že prostředek odstraňuje vodní kámen a mýdlové usazeniny.

Na etiketě je patrný modrý pruh s nápisem o výhodné ceně. Bohužel, cena není na obrázku čitelná, je zastíněna.

Harmony toaletní papír, 4vrstvý 16 rolí 1 role = 8,74

Obrázek zachycuje reklamní banner na toaletní papír "Harmony Exclusive Pure White". 

**Text na banneru:**

*   **HARMONY** - Název značky.
*   **4 vrstvy** - Informace o počtu vrstev papíru.
*   **4** - Výrazné číslo, pravděpodobně označující počet balení nebo rolí.
*   **18,90 Kč** – Cena produktu, kde desetinná místa jsou oddělena čárkou.
*   **Exclusive Pure White** – Označení produktu.

Z výše uvedeného je zřejmé, že se jedná o akční nabídku na toaletní papír Harmony Exclusive Pure White.

Na obrázku je vidět část obalu produktu, pravděpodobně to jsou toaletní papír nebo papírové kapesníky.

**Text na obrázku:**

*   **"4 VRSTVY" / "4 PLY"**: Označuje, že produkt má 4 vrstvy papíru, což naznačuje vyšší kvalitu a měkkost.
*   **"NO VTISKU"**: Zřejmě značí, že produkt neobsahuje žádné tištěné vzory.
*   **"16 MEGA PACK"**: Udává množství kusů v balení - 16 kusů, a označuje to jako výhodné mega balení.
*   Symbol se zeleným křížem uvnitř kruhu: symbolizuje dermatologické testy.

Celkově obrázek naznačuje, že se jedná o kvalitní, měkký a výhodný balení toaletního papíru/papírových kapesníků.

Obrázek ukazuje zlevněný produkt pro kočky, konkrétně stelivo Biokat's. 

**Popis produktu:**

*   **Název:** Biokat's
*   **Druh:** stelivo pro kočky (s obrázkem kočky na obalu)
*   **Variant:** Biokat's Fresh
*   **Množství:** 10kg (uvedeno na obalu)

**Text na obrázku a vysvětlení:**

*   **"AKCE!"** -  výkřik upozorňující na slevu.
*   **"-25%"** -  sleva 25% na produkt.
*   **"PŘÍKLAD Ceny"** -  označuje slevněnou cenu.
*   **199,90** - Původní cena (199 korun a 90 haléřů).
*   **149,90** -  Snížená cena (149 korun a 90 haléřů).
*   Na obalu steliva je uvedeno "100% svěžest" a obrázek kočky.
*   Na spodní straně obalu je napsáno "10kg" - hmotnost steliva.

Obrázek je zřejmě reklamní leták hypermarketu, který propaguje slevu na stelivo Biokat's.

PALO

Obrázek zobrazuje logo hypermarketu Globus. Slovo "Globus" je napsáno velkými oranžovými písmeny na žlutém pozadí a obklopeno zelenou orámovkou ve tvaru zeměkoule. Jde o reklamu nebo značku hypermarketu, pravděpodobně signalizující výhodné ceny nebo slevy. Cena na obrázku není uvedena.

ve rostliny cyselina

Noniati nro hvnermarket druhy a velikosti

lové barvy Fi Rotacni mop

Akr

Detska sada

Na obrázku je zlevněná hračka "Rubble & Crew Základní vozidlo" v různých provedeních. Původní cena byla 479,90 Kč, nyní je zlevněna na 379,90 Kč. Jedná se o hračku určenou pro děti od 3 let. Vpravo je logo výrobce Spin Master.

Obrázek zobrazuje zlevněný produkt s akční cenou. Původní cena je přeškrtnutá a činila 149,90 Kč. Nová cena je 119,90 Kč, což znamená slevu 20 %. Text na obrázku hlásí „AKCE!“ a upozorňuje na výhodnou cenu.

## Temperové barvy

6 ks

1 ks = 19,98

Na obrázku je kulatý štítek s motivem tužky a nápisy.

*   **Pencil's Since 1790:** Nápis uvádí, že společnost vyrábí tužky od roku 1790.
*   **KOH-I-NOOR:** Označení značky KOH-I-NOOR, renomovaného výrobce psacích potřeb.
*   **HARDTMUTH:** Další označení značky, pravděpodobně jméno zakladatele nebo součást názvu firmy.

Štítek pravděpodobně označuje slevu nebo výhodnou nabídku na tužky KOH-I-NOOR HARDTMUTH v hypermarketu. Není zde uvedena cena.

VICOVAC ST

Ihezni Keramicka Uprava

KIUZOVÉ NOZKY

16 zolovana rukojet

Obrázek ukazuje balení temperových barev. Na přední straně je ilustrace žirafy a nápis "TEMPERA 6". Pod nápisem je uvedeno: "vhodné malování a kreslení 6x16ml". Vlevo je vidět nápis „super cena“ a níže text, který vypadá jako popis produktu nebo informace o výrobci, ale je příliš malý na to, aby byl čitelný. V dolní části balení je nápis "TEMPERA 6" ještě jednou. Na obalu je také logo výrobce. Cena není na obrázku vidět.

- Sacı nadice 2.2 m

Na obrázku je zlevněný produkt s cenovkou. 

*   **Text:** "VYHODNĚ!" je text napsaný nahoře, signalizující, že se jedná o výhodnou nabídku.
*   **Cena:** 529,90 Kč. Číslo 529 je napsáno výrazně, zatímco desetinné místo "90" je napsáno menším fontem a jako dolní index.

## Nutristar Creatine Monohydrate Pure Monohydrate Pure Monohydrate Pure Monohydrate Pure

- - prášková aminokyselina
- - vhodná při zvýšeném

Na obrázku je modrá dóza s produktem "Creatine Monohydrate Pure" od značky NutriStar. Na etiketě je označení "100% čistý kreatin monohydrát". 

Na etiketě je dále uvedeno:
*   **Obsah:** 500 g
*   **Doporučené dávkování:** 5 g (1 odměrka) s dostatečným množstvím vody.
*   **Upozornění:** doplněk stravy, není určen pro děti, obsahuje sladidla.
*   **Složení:** Kreatin monohydrát.

V levém horním rohu je nápis „Zlevněno“ a „výhodná cena“ s označením slevy. Cena produktu je uvedena jako **399,- Kč**.

tělesném výkonu

500 g

100 g = 105,98

Obrázek zobrazuje zlevněný/výhodný produkt z hypermarketu. V levém horním rohu je nápis "VYHODNĚ!". Uprostřed je velkým červeným písmem zobrazena cena **54,90 Kč**. V dolní části jsou opakující se symboly "%" a pod nimi nápis "cena od".

## Toro Jídelní Toro Jídelní kusové nádobí Toro Jídelní Toro Jídelní

- motiv levandule levandule

levandule levandule

- různé

druhy

Na obrázku je vidět výhodná nabídka z hypermarketu. Konkrétně se jedná o sadu kuchyňského nádobí s motivem motýlů. Sestává z jednoho talíře, dvou solniček a pepřenek a magnetky na lednici.

Na magnetce je text "Letecká pošta". Vypadá jako stylizovaná poštovní známka s obrázky motýlů a nápisem.

Cena sady je 199,90 Kč.

Na obrázku je keramický hrnek s motivem fialových květin a hnědých oříšků. Na hrnku je vidět cenovka s nápisem "99,90". Produkt je tedy zlevněný a prodává se v hypermarketu za 99,90 Kč.

Na obrázku je reklama na zlevněnou dámskou halenku červené barvy.

**Popis produktu:**

*   **Typ:** Halenka
*   **Barva:** Červená
*   **Styl:** Halenka má krátký, rozšířený střih, bez rukávů.
*   **Značka:** PREGO

**Text v obrázku:**

*   **"AKCE!"** - upozorňuje na probíhající slevovou akci.
*   **"499,90"** - původní cena produktu.
*   **"399,90"** - nová, snížená cena produktu.
*   **"-20%"** - velikost slevy.
*   **"Halenka - dámská"** - název a určení produktu.
*   **"PREGO"** - logo značky.

Obrázek informuje o cenové akci na dámskou halenku značky PREGO, která je zlevněna o 20 % z původní ceny 499,90 Kč na novou cenu 399,90 Kč.

Neplatí pro hypermarket Praha-Štěrboholy.

## JEŠTĚ VÍCE AKCÍ V ONLINE LETÁKU od 2. 4.  do 29. 4. 2025

Obrázek ukazuje zlevněné plyšové rostliny značky "Take Me Home". Jsou dostupné v různých druzích a velikostech.

**Text na obrázku:**

*   **AKCE!** - upozorňuje na slevovou akci.
*   **-21%** - velikost slevy.
*   **229,90** - původní cena v Kč.
*   **179,90** - nová cena v Kč po slevě.
*   **cena za kus** - udává, že cena platí za jeden kus plyšové rostliny.
*   **Take Me Home** - název značky plyšových rostlin.
*   **Plyšové rostliny** - popis produktu.
*   **- různé druhy a velikosti** - informace o dostupnosti různých variant produktu.
*   **0+** - doporučené věkové určení.

Obrázek ukazuje sadu dětských hraček do písku. Sestává z žlutého kbelíku s potiskem maskotů (fotbalistů), modrého modelu velryby, růžové lopatky, žluté hrábě a konvičky a zelené podložky. V levém horním rohu je nápis "1,5+" označující věkové doporučení pro hračku. Cena produktu není uvedena.

Obrázek zobrazuje reklamu na zlevněný produkt z hypermarketu. Původní cena produktu byla 174,90 Kč, což je přeškrtnuté. Nová cena je 139,90 Kč. Vedle ceny je uveden nápis "AKCE!" a kruh s nápisem "-20%", což značí, že produkt je zlevněn o 20%.

## Akrylové barvy

## Easy

- - barvy jsou ředitelné vodou
- - zaschlá malba je trvale fixovaná - zaschlá malba je trvale fixovaná - zaschlá malba je trvale fixovaná - zaschlá malba je trvale fixovaná
- - vhodné k malování na kamínky 12 ks

1 ks = 11,66

Na obrázku je zlevněný set akrylových barev. Balení obsahuje 12 tub s barvami v různých odstínech, jako jsou červená, žlutá, modrá, zelená a bílá. 

Na obalu je nápis "ACRYLIC PAINT" a logo výrobce. Cena je uvedena jako "29,90". 

Kromě samotných barev jsou na obrázku i kamínky, které byly pomalovány těmito barvami, a to v motivu sovy. Zřejmě se jedná o ukázku toho, co se s barvami dá vytvořit.

Obrázek zobrazuje informační štítek propagující slevu na produkt.

**Popis:**

*   **Text:** Nahoře je nápis "AKCE!". V kruhovém rámečku je uvedena sleva "-33%".
*   **Cena:** Původní cena je přeškrtnutá a činí 599,90 Kč. Nová, zlevněná cena je uvedena pod ní a činí 399,90 Kč.
*   **Vzhled:** Štítek má červenou barvu s bílým písmem, což má upoutat pozornost. Čísla jsou velká a výrazná, aby byla dobře viditelná.
*   **Význam:** Informace naznačuje, že daný produkt je v akci a je možné jej zakoupit za sníženou cenu.

## Sendvičovač S1

- - antiadhézní keramická úprava
- - protiskluzové nožky
- - tepelně izolovaná rukojeť
- - úložný prostor na kabel

Na obrázku je zobrazen kontaktní gril/topinkovač Niceboy ion. Je v tmavě šedé barvě. Na obrázku je vidět vnitřní plocha grilu s mřížkami pro pečení. V levém horním rohu je nápis "Niceboy ion". V levém dolním rohu je text „rava“. V horní části obrázku je cena zboží, ale čitelnost je omezená. Cena je pravděpodobně akční nebo zlevněná.

Na obrázku je vidět cedulka s označením akce na produkt v hypermarketu.

**Text na cedulce:**

*   **AKCE!** - Zvýrazňuje, že se jedná o výhodnou nabídku.
*   **189,90** - Původní cena produktu přeškrtnutá, což značí slevu.
*   **-21%** - Označuje procento slevy.
*   **149,90** - Nová, snížená cena produktu.

Celkově tedy obrázek informuje o produktu, který je v akci a jeho cena byla snížena o 21% z původních 189,90 Kč na 149,90 Kč.

## Malíř Plus 14+2 kg

- vnitřní malířský nátěr, bílý - vydatnost 125–160 m 2 v jedné vrstvě 16 kg 1 kg = 9,37

Na obrázku je balení barvy "Malíř Plus" o objemu 14 + 2 kg. Barva je zlevněná/ve výprodeji. Původní cena je přeškrtnutá a nová cena je 125,10 Kč. Balení je v červených a bílých barvách a je na něm vyobrazen váleček na malování. Na obalu je vidět text, který pravděpodobně popisuje vlastnosti a použití barvy, ale detaily nejsou čitelné.

Obrázek zobrazuje reklamu na zlevněný produkt. Původní cena produktu je 599,90 Kč, která je přeškrtnuta. Nová cena je 449,90 Kč. Kolem ceny je nápis "AKCE!" a kruh s nápisem "-25%", což značí, že je produkt zlevněn o 25%.

Kalhoty

- dámské

Obrázek zobrazuje logo značky PREGO. Jedná se o stylizované písmeno "P" obklopené oválem. Pod logem je napsáno slovo "PREGO" velkými písmeny. Z obrázku nelze určit žádný zlevněný/výhodný produkt nebo cenu.

Na obrázku jsou tmavě modré široké kalhoty typu palazzo s vázáním v pase. Mají jednoduchý střih a jsou pravděpodobně vyrobené z měkkého, splývavého materiálu. Kalhoty mají postranní kapsy. 

Na obrázku není žádný text s cenou.

Obrázek zobrazuje reklamu na zlevněný produkt. 

Text na obrázku:

*   **AKCE!** - oznamuje, že se jedná o slevovou akci.
*   **229⁹⁰** - původní cena produktu, přeškrtnutá, což indikuje slevu.
*   **179⁹⁰** - nová cena produktu po slevě.
*   **-21%** - procentuální výše slevy.

Z obrázku není zřejmé, o jaký produkt se jedná, pouze o to, že je nyní levnější. Cena je uvedena v českých korunách (Kč).

## Dětská sada na písek Krtek

- - balení obsahuje kyblík 3,5 l, sítko, 2 formičky, lopatku, hrábě, konvičku
- - Vysavač mokro-suchý WD 5 za 3999,-
- - Vysavač mokro-suchý WD 6 P S za 4699,-

Na obrázku je reklama na zlevněný rotační mop Ergo s čisticím prostředkem na podlahy značky Leifheit.

**Popis produktu:**

*   **Rotační mop:** Skládá se z tyče, otáčecí mycí hlavice a kbelíku s odstředivým mechanismem. Mycí hlavice je bílá s modrým lemem.
*   **Kbelík:** Modrý plastový kbelík s držadlem.
*   **Čisticí prostředek:** Modrá láhev s čisticím prostředkem na podlahy.

**Text na obrázku:**

*   **„AKCE! -22%“**: Označuje slevu na produkt.
*   **„999,- 769,90“**: Původní cena (999 Kč) a nová, zlevněná cena (769,90 Kč).
*   **„Rotační mop - mop Ergo + čisticí prostředek na podlahy“**: Popis produktu.
*   **„LEIFHEIT“**: Značka produktu.

Obrázek zachycuje zlevněný mokro-suchý vysavač značky Kärcher, konkrétně model WD 4 V-20/5/22. Původní cena byla 3699 Kč, nyní je zlevněn na 2799 Kč, což představuje slevu 24%.

K vysavači patří:

*   skládaný filtr
*   5m kabel
*   2,2m sací hadice

Na obrázku je také znázorněn vysavač samotný s příslušenstvím (hubice, filtr).

Obrázek zobrazuje reklamu na zlevněný produkt v hypermarketu. 

*   **Původní cena:** 99,90 Kč (vyškrtnuta)
*   **Nová cena:** 49,90 Kč
*   **Sleva:** 50 %

Reklama má červenou barvu a nápis "AKCE!" zdůrazňuje výhodnou nabídku.

## Rohožka Heat

- - rozměr 40 x 60 cm,
- - materiál polyester +

recyklované PVC

- - různé barvy

Na obrázku je vidět dlažba nebo obklad s tmavě zeleným odstínem a vzorem, který připomíná propletené proužky. Cena produktu je **999,90 Kč**. Jedná se pravděpodobně o výhodnou nabídku v hypermarketu.

Na obrázku je rohožka do bytu. Má tmavě šedou barvu a vzor tvořený křížovými pruhy. V levém horním rohu je červený štítek s nápisem "Zlevněno". Pod štítkem je cena produktu: **199,90 Kč**.

Na obrázku je reklama na zlevněné produkty z hypermarketu. Konkrétně se jedná o **prosteradla a povlečení z mikroplyše**. Na obrázku je vidět srolovaná a sytě zelená ložní souprava na pohovce a detailní záběr na strukturu mikroplyše. 

**Text na obrázku:**

*   **AKCE!** – Velký nápis upozorňující na probíhající akci.
*   **NA PROSTERADLA A POVLEČENÍ Z MIKROPLYŠE** – Popis zlevněného zboží.
*   **-45%** – Označuje výši slevy na zlevněné produkty.